1656 2690
730 122 995 157 *151-

198 220 259 252 aa.
286 219 320 252 Si
347 219 490 261 sepulcri
516 219 667 252 visitaret
869 220 929 255 ab.
956 221 1010 253 Ire
1034 223 1155 263 posset,
1181 220 1240 253 sed
1261 224 1471 260 monstratur,

287 268 428 308 Locum3
449 277 543 310 quem
563 277 633 301 cum
651 269 827 312 ignoraret,
956 269 1024 303 Ubi
1049 273 1194 313 quaerat,
1222 278 1282 301 nec
1308 268 1497 309 frustratur,

334 317 527 360 Haesitavit‚
555 317 619 349 huc
644 327 685 350 an
712 319 774 350 huc
1003 318 1049 351 Et
1073 321 1110 351 ut
1134 318 1217 350 alter
1245 318 1379 351 Abacuc

197 405 258 438 4a.
287 404 457 436 Danielem
483 404 537 436 hic
561 404 696 438 invenit.
868 404 928 437 41).
955 404 1132 447 Ignoravit‚
1160 405 1218 437 sed
1244 408 1453 446 monstratur,

286 453 323 486 In
352 454 507 486 Patavum
536 461 607 486 eum
633 452 793 494 pervenit,
958 454 1023 494 Quo
1049 455 1228 486 monstrato
1255 462 1328 485 mox
1347 457 1500 493 sanatur3

334 502 456 533 Tamen
484 501 587 541 primo
614 502 771 533 tumulum
1005 501 1109 534 Sanus
1135 501 1177 533 ad
1205 502 1392 542 episcopum

199 590 259 622 5a.
290 589 395 628 Venit,
423 588 492 620 visa
518 589 669 621 recitavit,
869 588 928 622 5b.
957 588 1526 631 QuicunitestemOhristiquaerunt‚

286 637 332 669 Et
359 637 496 670 antistes
524 637 714 670 convocavit
956 636 1053 669 Hunc
1078 636 1202 669 recenti
1229 640 1447 677 reppererunt

336 686 465 719 Clerum
492 688 590 726 atque
614 686 780 726 populum.
1008 684 1170 726 Sanguine
1195 694 1404 726 purpureum.

194 773 254 807 6a.
283 772 462 814 Quem‚quo
473 770 590 814 ferant,
601 772 674 803 dum
687 771 854 804 certabant
873 770 932 804 6b.
960 772 1070 804 Mores
1097 771 1233 804 brumae
1257 772 1433 812 naturales,

282 820 328 852 Et
353 821 514 852 certantes
542 820 763 860 disputabant,
957 819 1023 852 Sed
1049 820 1205 860 supponit
1230 820 1403 852 aestivales

330 868 478 901 Abstulit,
503 867 622 900 oblivio
1004 867 1145 900 Nubium
1174 868 1351 900 concussio.

196 958 256 989 721.
285 956 357 988 Hoc
383 955 494 988 audito
519 957 595 987 sunt
622 954 770 988 commoti
868 955 926 989 7b.
954 955 1124 995 Templum
1135 955 1344 994 sti-uant3sic
1354 953 1502 997 cessavit,

284 1005 401 1037 Omnes
430 1006 463 1035 et
486 1012 522 1035 se
547 1002 640 1036 freno
666 1004 733 1036 voti
955 1003 1053 1043 Quem
1079 1006 1248 1036 ventorum
1267 1004 1316 1036 vis
1335 1002 1497 1041 conflavit,

333 1053 515 1092 Stringunt,
542 1055 579 1084 ut
595 1052 671 1084 huic
689 1051 824 1091 martyri
1000 1052 1147 1094 Impetus
1173 1052 1320 1086 tonitrui.

186 1139 246 1173 Sa.
275 1140 329 1172 Ad
353 1141 509 1180 precatus
534 1139 682 1171 Danielis
863 1138 922 1172 812.
949 1138 1036 1171 Miro
1062 1147 1161 1179 passu
1189 1139 1398 1182 descendisti,

281 1188 350 1220 Nos
377 1196 559 1227 conserves,
587 1188 640 1227 qui
667 1187 708 1219 de
724 1186 822 1219 caelis
950 1188 1091 1227 Propter
1107 1186 1244 1228 culpam,
1261 1197 1353 1227 quam
1369 1186 1490 1228 lavisti,

330 1236 474 1277 Virginis
499 1235 533 1267 in
559 1236 717 1276 gremium
998 1235 1089 1268 Dans
1114 1238 1280 1267 aeternum
1299 1237 1489 1276 praemium.

261 1323 350 1351 Grad.
379 1330 433 1350 ms.
456 1320 485 1349 S.
506 1321 588 1349 Petri
609 1322 749 1350 Patavini
776 1329 853 1348 saec.
878 1319 923 1349 lt..
946 1322 987 1348 in.
1030 1321 1102 1349 God.
1125 1320 1220 1357 Capit.
1242 1322 1384 1349 Patavini
1402 1323 1430 1350 A
1450 1319 1487 1350 20
1501 1319 1527 1349 *-

182 1363 216 1390 A.
244 1376 284 1381 —
309 1359 398 1390 Grad.
419 1369 474 1388 ms.
494 1360 677 1388 Patavinum
698 1368 774 1389 saec.
798 1358 873 1388 ¹4115.
922 1359 993 1388 Cod.
1016 1359 1111 1397 Capit.
1132 1359 1270 1388 Patavin.
1295 1361 1320 1388 B
1342 1358 1403 1389 20*
1428 1362 1458 1388 13.
1492 1377 1527 1380 —

183 1399 235 1435 Za,
252 1399 268 1428 1
288 1402 387 1429 visum
408 1407 496 1427 cusco
511 1400 546 1426 B.
566 1415 606 1419 —
626 1397 679 1432 3a,
697 1397 715 1426 2
728 1400 842 1428 Lacum
855 1399 889 1427 B.
912 1414 949 1418 —
970 1397 1021 1435 4a,
1037 1396 1055 1427 3
1068 1400 1182 1427 Tamen
1202 1399 1277 1427 fehlt
1290 1400 1322 1427 B.

629 1513 692 1546 170.
729 1513 772 1544 De
793 1513 904 1544 sancto
926 1512 1077 1545 Deodato.

593 1595 627 1629 1.
652 1595 759 1628 Adest
786 1594 855 1627 dies
882 1594 1088 1638 celebranda,

654 1644 734 1677 Dies
762 1643 858 1684 digne
883 1643 1107 1684 praedicanda

704 1691 835 1726 Celebri
860 1692 997 1725 laetitia.

195 1783 254 1815 23.
282 1781 355 1813 Hac
378 1781 412 1813 in
437 1780 511 1812 luce
897 1779 956 1812 2b.
984 1780 1053 1812 Iam
1078 1780 1155 1820 post
1178 1779 1301 1811 luctum

280 1830 409 1863 Christo
438 1829 520 1861 duce
979 1828 1079 1861 Metit
1104 1826 1257 1868 fructum,

326 1877 495 1911 Deodatus
1030 1877 1195 1911 Christum
1221 1876 1321 1920 videt,

323 1927 506 1960 Laureatus
1029 1925 1153 1959 Cuncta
1179 1925 1266 1957 ridet

375 1975 573 2016 Triumphat
597 1977 630 2008 in
658 1976 774 2018 gloria.
1078 1974 1209 2007 Dudum
1235 1974 1455 2011 adversantia.

188 2067 252 2100 Sa.
279 2065 399 2098 Servus
425 2064 570 2106 prudens
595 2071 748 2106 operatus
892 2063 952 2099 3b.
980 2064 1005 2098 Ο
1033 2072 1127 2105 quam
1154 2061 1234 2095 felix
1261 2063 1341 2096 haec
1367 2073 1463 2097 usura

274 2114 326 2147 De
350 2114 473 2147 ‘talento
501 2116 534 2146 et
557 2114 702 2147 lucratus
979 2112 1190 2146 Subditorum
1217 2110 1388 2156 [allatura]

323 2164 485 2205 Reportat
512 2163 666 2204 duplicia.
1026 2161 1077 2194 De
1101 2159 1252 2202 profectu
1277 2162 1414 2203 gaudia!

185 2254 245 2287 4a.
275 2252 390 2286 Clarus
416 2251 547 2292 quidem
886 2250 948 2284 4b.
978 2250 1071 2284 Sacri
1098 2249 1214 2291 dignus

322 2303 495 2342 parentum
521 2300 626 2333 titulis
1023 2309 1099 2333 arce
1123 2299 1291 2340 regiminis

274 2351 351 2384 Plus
379 2349 499 2383 effulsit
974 2349 1145 2382 Deodatus

324 2402 512 2432 cunctorum
539 2399 641 2431 oculis
1023 2398 1131 2440 sigillo
1158 2397 1295 2430 nominis

370 2447 499 2481 Morum
527 2447 707 2489 elegantia3
1073 2446 1118 2479 Et
1143 2454 1277 2487 operum
1301 2447 1417 2488 gratia.
