<?xml version="1.0" encoding="UTF-8"?>
<!DOCTYPE html PUBLIC "-//W3C//DTD XHTML 1.0 Transitional//EN"
    "http://www.w3.org/TR/xhtml1/DTD/xhtml1-transitional.dtd">
<html xmlns="http://www.w3.org/1999/xhtml" xml:lang="en" lang="en">
 <head>
  <title>
</title>
<meta http-equiv="Content-Type" content="text/html;charset=utf-8" />
  <meta name='ocr-system' content='tesseract 3.04.00' />
  <meta name='ocr-capabilities' content='ocr_page ocr_carea ocr_par ocr_line ocrx_word'/>
</head>
<body>
  <div class='ocr_page' id='page_1' title='image "./analectahymnica37drevuoft_00233.png"; bbox 0 0 1656 2690; ppageno 0'>
   <div class='ocr_carea' id='block_1_1' title="bbox 682 132 946 166">
    <p class='ocr_par' dir='ltr' id='par_1_1' title="bbox 682 132 946 166">
     <span class='ocr_line' id='line_1_1' title="bbox 682 132 946 166; baseline 0 0"><span class='ocrx_word' id='word_1_1' title='bbox 682 132 946 166; x_wconf 72' lang='lat'>—230—</span> 
     </span>
    </p>
   </div>
   <div class='ocr_carea' id='block_1_2' title="bbox 144 221 1480 455">
    <p class='ocr_par' dir='ltr' id='par_1_2' title="bbox 144 221 1480 455">
     <span class='ocr_line' id='line_1_2' title="bbox 144 221 1478 264; baseline -0.004 -10"><span class='ocrx_word' id='word_1_2' title='bbox 144 226 376 264; x_wconf 79' lang='lat' dir='ltr'>Kirehengesch.</span> <span class='ocrx_word' id='word_1_3' title='bbox 397 227 440 254; x_wconf 90' lang='lat' dir='ltr'>IV</span> <span class='ocrx_word' id='word_1_4' title='bbox 459 224 568 262; x_wconf 86' lang='lat'>(1881),</span> <span class='ocrx_word' id='word_1_5' title='bbox 587 225 663 260; x_wconf 84' lang='lat'>609).</span> <span class='ocrx_word' id='word_1_6' title='bbox 685 227 719 255; x_wconf 80' lang='lat' dir='ltr'>G.</span> <span class='ocrx_word' id='word_1_7' title='bbox 749 242 783 246; x_wconf 89' lang='lat'>——</span> <span class='ocrx_word' id='word_1_8' title='bbox 813 225 868 261; x_wconf 74' lang='lat'>310,</span> <span class='ocrx_word' id='word_1_9' title='bbox 890 226 905 255; x_wconf 91' lang='lat'>1</span> <span class='ocrx_word' id='word_1_10' title='bbox 926 228 1018 256; x_wconf 81' lang='lat' dir='ltr'>Festa</span> <span class='ocrx_word' id='word_1_11' title='bbox 1035 228 1136 255; x_wconf 83' lang='lat' dir='ltr'>Mauri</span> <span class='ocrx_word' id='word_1_12' title='bbox 1155 228 1189 255; x_wconf 88' lang='lat' dir='ltr'>B.</span> <span class='ocrx_word' id='word_1_13' title='bbox 1218 239 1253 246; x_wconf 53' lang='grc' dir='ltr'>-υ-</span> <span class='ocrx_word' id='word_1_14' title='bbox 1273 223 1327 257; x_wconf 81' lang='lat' dir='ltr'>4b‚</span> <span class='ocrx_word' id='word_1_15' title='bbox 1349 221 1364 250; x_wconf 93' lang='lat'>1</span> <span class='ocrx_word' id='word_1_16' title='bbox 1386 223 1478 250; x_wconf 86' lang='lat' dir='ltr'>Innos</span> 
     </span>
     <span class='ocr_line' id='line_1_3' title="bbox 146 260 1480 300; baseline -0.004 -7"><span class='ocrx_word' id='word_1_17' title='bbox 146 266 202 300; x_wconf 87' lang='lat' dir='ltr'>bis,</span> <span class='ocrx_word' id='word_1_18' title='bbox 229 266 343 294; x_wconf 86' lang='lat' dir='ltr'>falsche</span> <span class='ocrx_word' id='word_1_19' title='bbox 369 265 491 293; x_wconf 80' lang='lat' dir='ltr'>Initiale</span> <span class='ocrx_word' id='word_1_20' title='bbox 511 266 544 293; x_wconf 92' lang='lat' dir='ltr'>B.</span> <span class='ocrx_word' id='word_1_21' title='bbox 575 279 612 283; x_wconf 95' lang='lat'><strong>—</strong></span> <span class='ocrx_word' id='word_1_22' title='bbox 640 263 657 293; x_wconf 89' lang='lat'>5</span> <span class='ocrx_word' id='word_1_23' title='bbox 676 274 702 300; x_wconf 87' lang='lat' dir='ltr'>a,</span> <span class='ocrx_word' id='word_1_24' title='bbox 720 263 738 293; x_wconf 85' lang='lat'><strong>3</strong></span> <span class='ocrx_word' id='word_1_25' title='bbox 758 266 847 294; x_wconf 85' lang='lat' dir='ltr'>Patet</span> <span class='ocrx_word' id='word_1_26' title='bbox 874 267 1026 294; x_wconf 79' lang='lat' dir='ltr'><strong>miraculis</strong></span> <span class='ocrx_word' id='word_1_27' title='bbox 1047 267 1081 294; x_wconf 92' lang='lat' dir='ltr'>B.</span> <span class='ocrx_word' id='word_1_28' title='bbox 1108 280 1145 285; x_wconf 93' lang='lat'>—</span> <span class='ocrx_word' id='word_1_29' title='bbox 1176 264 1230 299; x_wconf 90' lang='lat' dir='ltr'>5b‚</span> <span class='ocrx_word' id='word_1_30' title='bbox 1254 261 1269 290; x_wconf 91' lang='lat'>1</span> <span class='ocrx_word' id='word_1_31' title='bbox 1292 262 1366 290; x_wconf 86' lang='lat' dir='ltr'>Cum</span> <span class='ocrx_word' id='word_1_32' title='bbox 1387 260 1421 288; x_wconf 82' lang='lat' dir='ltr'>G.</span> <span class='ocrx_word' id='word_1_33' title='bbox 1445 272 1480 278; x_wconf 81' lang='lat'>-—</span> 
     </span>
     <span class='ocr_line' id='line_1_4' title="bbox 147 298 1479 340; baseline -0.002 -8"><span class='ocrx_word' id='word_1_34' title='bbox 147 302 196 338; x_wconf 86' lang='lat' dir='ltr'>5b‚</span> <span class='ocrx_word' id='word_1_35' title='bbox 218 302 237 332; x_wconf 90' lang='lat'><strong>3</strong></span> <span class='ocrx_word' id='word_1_36' title='bbox 264 304 387 340; x_wconf 82' lang='lat' dir='ltr'><strong>Absque</strong></span> <span class='ocrx_word' id='word_1_37' title='bbox 413 312 517 331; x_wconf 81' lang='lat' dir='ltr'>cruore</span> <span class='ocrx_word' id='word_1_38' title='bbox 538 304 571 332; x_wconf 80' lang='lat' dir='ltr'>G.</span> <span class='ocrx_word' id='word_1_39' title='bbox 608 320 643 324; x_wconf 89' lang='lat'><strong>—</strong></span> <span class='ocrx_word' id='word_1_40' title='bbox 674 302 726 336; x_wconf 84' lang='lat' dir='ltr'>6b,</span> <span class='ocrx_word' id='word_1_41' title='bbox 751 302 769 331; x_wconf 86' lang='lat'>2</span> <span class='ocrx_word' id='word_1_42' title='bbox 797 303 893 332; x_wconf 83' lang='lat' dir='ltr'>Caeca</span> <span class='ocrx_word' id='word_1_43' title='bbox 913 304 948 333; x_wconf 80' lang='lat' dir='ltr'>G.</span> <span class='ocrx_word' id='word_1_44' title='bbox 978 318 1017 324; x_wconf 74' lang='lat'>—-</span> <span class='ocrx_word' id='word_1_45' title='bbox 1046 302 1132 338; x_wconf 84' lang='lat' dir='ltr'>8a,2</span> <span class='ocrx_word' id='word_1_46' title='bbox 1156 305 1223 332; x_wconf 84' lang='lat' dir='ltr'>iura</span> <span class='ocrx_word' id='word_1_47' title='bbox 1248 301 1316 334; x_wconf 84' lang='lat' dir='ltr'>AB,</span> <span class='ocrx_word' id='word_1_48' title='bbox 1347 307 1417 326; x_wconf 76' lang='lat' dir='ltr'>rura</span> <span class='ocrx_word' id='word_1_49' title='bbox 1437 298 1479 330; x_wconf 71' lang='lat'><em>(³¹¹3</em></span> 
     </span>
     <span class='ocr_line' id='line_1_5' title="bbox 144 332 1480 378; baseline -0.001 -8"><span class='ocrx_word' id='word_1_50' title='bbox 144 342 205 378; x_wconf 82' lang='lat' dir='ltr'>vgl.</span> <span class='ocrx_word' id='word_1_51' title='bbox 231 341 282 370; x_wconf 86' lang='lat' dir='ltr'>9a.</span> <span class='ocrx_word' id='word_1_52' title='bbox 314 356 351 361; x_wconf 94' lang='lat'>—-</span> <span class='ocrx_word' id='word_1_53' title='bbox 382 340 436 376; x_wconf 76' lang='lat'>910,</span> <span class='ocrx_word' id='word_1_54' title='bbox 457 339 475 368; x_wconf 83' lang='lat'><strong>2</strong></span> <span class='ocrx_word' id='word_1_55' title='bbox 501 342 646 370; x_wconf 72' lang='lat' dir='ltr'>cadauera</span> <span class='ocrx_word' id='word_1_56' title='bbox 671 342 750 370; x_wconf 81' lang='lat' dir='ltr'>redit</span> <span class='ocrx_word' id='word_1_57' title='bbox 771 342 806 370; x_wconf 85' lang='lat' dir='ltr'>B.</span> <span class='ocrx_word' id='word_1_58' title='bbox 834 357 871 362; x_wconf 88' lang='lat'>—</span> <span class='ocrx_word' id='word_1_59' title='bbox 905 341 971 376; x_wconf 77' lang='lat' dir='ltr'>ma,</span> <span class='ocrx_word' id='word_1_60' title='bbox 993 342 1011 370; x_wconf 82' lang='lat'>2</span> <span class='ocrx_word' id='word_1_61' title='bbox 1039 342 1210 370; x_wconf 82' lang='lat' dir='ltr'>deficienter</span> <span class='ocrx_word' id='word_1_62' title='bbox 1235 340 1268 369; x_wconf 82' lang='lat' dir='ltr'>B.</span> <span class='ocrx_word' id='word_1_63' title='bbox 1300 352 1337 357; x_wconf 85' lang='grc'>--</span> <span class='ocrx_word' id='word_1_64' title='bbox 1369 335 1439 371; x_wconf 61' lang='grc'>123,</span> <span class='ocrx_word' id='word_1_65' title='bbox 1462 332 1480 361; x_wconf 76' lang='lat'>2</span> 
     </span>
     <span class='ocr_line' id='line_1_6' title="bbox 147 371 1480 417; baseline -0.005 -8"><span class='ocrx_word' id='word_1_66' title='bbox 147 379 304 416; x_wconf 81' lang='lat' dir='ltr'>complens</span> <span class='ocrx_word' id='word_1_67' title='bbox 331 380 371 413; x_wconf 83' lang='lat' dir='ltr'>A;</span> <span class='ocrx_word' id='word_1_68' title='bbox 403 379 503 408; x_wconf 87' lang='lat' dir='ltr'>Sumis</span> <span class='ocrx_word' id='word_1_69' title='bbox 530 383 560 408; x_wconf 82' lang='lat' dir='ltr'>et</span> <span class='ocrx_word' id='word_1_70' title='bbox 586 381 668 408; x_wconf 81' lang='lat' dir='ltr'>mitis</span> <span class='ocrx_word' id='word_1_71' title='bbox 695 379 828 409; x_wconf 81' lang='lat' dir='ltr'>lauream</span> <span class='ocrx_word' id='word_1_72' title='bbox 851 381 886 409; x_wconf 76' lang='lat' dir='ltr'>G.</span> <span class='ocrx_word' id='word_1_73' title='bbox 918 396 954 400; x_wconf 92' lang='lat'><strong>—</strong></span> <span class='ocrx_word' id='word_1_74' title='bbox 988 378 1058 415; x_wconf 68' lang='lat'>1312,</span> <span class='ocrx_word' id='word_1_75' title='bbox 1081 379 1096 408; x_wconf 94' lang='lat'>1</span> <span class='ocrx_word' id='word_1_76' title='bbox 1126 382 1212 417; x_wconf 85' lang='lat' dir='ltr'>pater</span> <span class='ocrx_word' id='word_1_77' title='bbox 1233 378 1267 406; x_wconf 82' lang='lat' dir='ltr'>G.</span> <span class='ocrx_word' id='word_1_78' title='bbox 1299 391 1337 395; x_wconf 98' lang='lat'><strong>—</strong></span> <span class='ocrx_word' id='word_1_79' title='bbox 1369 373 1440 409; x_wconf 69' lang='lat'>1312,</span> <span class='ocrx_word' id='word_1_80' title='bbox 1462 371 1480 400; x_wconf 83' lang='lat'><strong>2</strong></span> 
     </span>
     <span class='ocr_line' id='line_1_7' title="bbox 146 416 725 455; baseline 0.002 -10"><span class='ocrx_word' id='word_1_81' title='bbox 146 419 295 455; x_wconf 87' lang='lat' dir='ltr'>parilique</span> <span class='ocrx_word' id='word_1_82' title='bbox 315 420 403 447; x_wconf 76' lang='lat' dir='ltr'>flatus</span> <span class='ocrx_word' id='word_1_83' title='bbox 427 418 461 447; x_wconf 80' lang='lat' dir='ltr'>G.</span> <span class='ocrx_word' id='word_1_84' title='bbox 483 433 520 438; x_wconf 83' lang='lat'><em>-</em></span> <span class='ocrx_word' id='word_1_85' title='bbox 544 416 580 446; x_wconf 90' lang='lat'>14</span> <span class='ocrx_word' id='word_1_86' title='bbox 598 418 673 446; x_wconf 83' lang='lat' dir='ltr'>fehlt</span> <span class='ocrx_word' id='word_1_87' title='bbox 692 419 725 447; x_wconf 91' lang='lat' dir='ltr'>B.</span> 
     </span>
    </p>
   </div>
   <div class='ocr_carea' id='block_1_3' title="bbox 605 521 1017 554">
    <p class='ocr_par' dir='ltr' id='par_1_3' title="bbox 605 521 1017 554">
     <span class='ocr_line' id='line_1_8' title="bbox 605 521 1017 554; baseline 0.002 -1"><span class='ocrx_word' id='word_1_88' title='bbox 605 521 673 554; x_wconf 83' lang='lat'>264.</span> <span class='ocrx_word' id='word_1_89' title='bbox 703 522 748 554; x_wconf 84' lang='lat' dir='ltr'>De</span> <span class='ocrx_word' id='word_1_90' title='bbox 769 521 879 554; x_wconf 83' lang='lat' dir='ltr'>sancto</span> <span class='ocrx_word' id='word_1_91' title='bbox 899 522 1017 554; x_wconf 82' lang='lat' dir='ltr'>Mauro.</span> 
     </span>
    </p>
   </div>
   <div class='ocr_carea' id='block_1_4' title="bbox 613 602 999 685">
    <p class='ocr_par' dir='ltr' id='par_1_4' title="bbox 613 602 999 685">
     <span class='ocr_line' id='line_1_9' title="bbox 613 602 999 638; baseline -0.005 0"><span class='ocrx_word' id='word_1_92' title='bbox 613 604 644 638; x_wconf 90' lang='lat'>1.</span> <span class='ocrx_word' id='word_1_93' title='bbox 670 603 790 636; x_wconf 84' lang='lat' dir='ltr'>Inclita</span> <span class='ocrx_word' id='word_1_94' title='bbox 816 602 881 636; x_wconf 89' lang='lat' dir='ltr'>diei</span> <span class='ocrx_word' id='word_1_95' title='bbox 904 604 999 636; x_wconf 89' lang='lat' dir='ltr'>huius</span> 
     </span>
     <span class='ocr_line' id='line_1_10' title="bbox 672 650 962 685; baseline 0.003 -1"><span class='ocrx_word' id='word_1_96' title='bbox 672 652 851 685; x_wconf 80' lang='lat' dir='ltr'>recolamus</span> <span class='ocrx_word' id='word_1_97' title='bbox 876 650 962 685; x_wconf 80' lang='lat' dir='ltr'>festa</span> 
     </span>
    </p>
   </div>
   <div class='ocr_carea' id='block_1_5' title="bbox 157 725 1339 768">
    <p class='ocr_par' dir='ltr' id='par_1_5' title="bbox 157 725 1339 768">
     <span class='ocr_line' id='line_1_11' title="bbox 157 725 1339 768; baseline -0.005 -6"><span class='ocrx_word' id='word_1_98' title='bbox 157 730 217 764; x_wconf 85' lang='lat' dir='ltr'>2a.</span> <span class='ocrx_word' id='word_1_99' title='bbox 246 729 417 762; x_wconf 84' lang='lat' dir='ltr'>Praecelsa</span> <span class='ocrx_word' id='word_1_100' title='bbox 443 731 594 761; x_wconf 80' lang='lat' dir='ltr'>canentes</span> <span class='ocrx_word' id='word_1_101' title='bbox 855 728 915 761; x_wconf 86' lang='lat' dir='ltr'>2b.</span> <span class='ocrx_word' id='word_1_102' title='bbox 944 728 1006 768; x_wconf 78' lang='lat' dir='ltr'>Qui</span> <span class='ocrx_word' id='word_1_103' title='bbox 1030 727 1182 759; x_wconf 87' lang='lat' dir='ltr'>Maurum</span> <span class='ocrx_word' id='word_1_104' title='bbox 1207 725 1339 758; x_wconf 85' lang='lat' dir='ltr'>levitam</span> 
     </span>
    </p>
   </div>
   <div class='ocr_carea' id='block_1_6' title="bbox 243 776 657 867">
    <p class='ocr_par' dir='ltr' id='par_1_6' title="bbox 243 776 657 867">
     <span class='ocr_line' id='line_1_12' title="bbox 243 776 384 810; baseline -0.007 -1"><span class='ocrx_word' id='word_1_105' title='bbox 243 776 384 810; x_wconf 83' lang='lat' dir='ltr'>melodia</span> 
     </span>
     <span class='ocr_line' id='line_1_13' title="bbox 243 824 657 867; baseline -0.005 -10"><span class='ocrx_word' id='word_1_106' title='bbox 243 826 312 866; x_wconf 88' lang='lat' dir='ltr'>regi</span> <span class='ocrx_word' id='word_1_107' title='bbox 338 833 449 866; x_wconf 85' lang='lat' dir='ltr'>regum</span> <span class='ocrx_word' id='word_1_108' title='bbox 475 824 657 867; x_wconf 86' lang='lat' dir='ltr'>praeconia,</span> 
     </span>
    </p>
   </div>
   <div class='ocr_carea' id='block_1_7' title="bbox 148 909 488 944">
    <p class='ocr_par' dir='ltr' id='par_1_7' title="bbox 148 909 488 944">
     <span class='ocr_line' id='line_1_14' title="bbox 148 909 488 944; baseline -0.006 0"><span class='ocrx_word' id='word_1_109' title='bbox 148 912 168 944; x_wconf 83' lang='lat'><strong>3</strong></span> <span class='ocrx_word' id='word_1_110' title='bbox 179 920 199 943; x_wconf 89' lang='lat' dir='ltr'>a</span> <span class='ocrx_word' id='word_1_111' title='bbox 212 935 220 943; x_wconf 90' lang='lat'><strong><em>.</em></strong></span> <span class='ocrx_word' id='word_1_112' title='bbox 245 912 385 944; x_wconf 80' lang='lat' dir='ltr'>Peracta</span> <span class='ocrx_word' id='word_1_113' title='bbox 409 909 488 943; x_wconf 84' lang='lat' dir='ltr'>forti</span> 
     </span>
    </p>
   </div>
   <div class='ocr_carea' id='block_1_8' title="bbox 249 1005 611 1046">
    <p class='ocr_par' dir='ltr' id='par_1_8' title="bbox 249 1005 611 1046">
     <span class='ocr_line' id='line_1_15' title="bbox 249 1005 611 1046; baseline -0.006 -6"><span class='ocrx_word' id='word_1_114' title='bbox 249 1007 290 1040; x_wconf 91' lang='lat' dir='ltr'>de</span> <span class='ocrx_word' id='word_1_115' title='bbox 314 1009 438 1040; x_wconf 81' lang='lat' dir='ltr'>armato</span> <span class='ocrx_word' id='word_1_116' title='bbox 464 1005 611 1046; x_wconf 85' lang='lat' dir='ltr'>victoria,</span> 
     </span>
    </p>
   </div>
   <div class='ocr_carea' id='block_1_9' title="bbox 158 1093 567 1133">
    <p class='ocr_par' dir='ltr' id='par_1_9' title="bbox 158 1093 567 1133">
     <span class='ocr_line' id='line_1_16' title="bbox 158 1093 567 1133; baseline -0.002 -7"><span class='ocrx_word' id='word_1_117' title='bbox 158 1094 219 1126; x_wconf 84' lang='lat' dir='ltr'>4a.</span> <span class='ocrx_word' id='word_1_118' title='bbox 246 1093 311 1127; x_wconf 90' lang='lat' dir='ltr'>Hic</span> <span class='ocrx_word' id='word_1_119' title='bbox 335 1102 410 1126; x_wconf 84' lang='lat' dir='ltr'>mox</span> <span class='ocrx_word' id='word_1_120' title='bbox 435 1093 468 1125; x_wconf 90' lang='lat' dir='ltr'>in</span> <span class='ocrx_word' id='word_1_121' title='bbox 493 1093 567 1133; x_wconf 85' lang='lat' dir='ltr'>ipsa</span> 
     </span>
    </p>
   </div>
   <div class='ocr_carea' id='block_1_10' title="bbox 308 1157 570 1167">
    <p class='ocr_par' dir='ltr' id='par_1_10' title="bbox 308 1157 570 1167">
     <span class='ocr_line' id='line_1_17' title="bbox 308 1157 570 1167; baseline -0.011 1"><span class='ocrx_word' id='word_1_122' title='bbox 308 1157 356 1165; x_wconf 52' lang='lat' dir='ltr'>xe*</span> <span class='ocrx_word' id='word_1_123' title='bbox 414 1157 570 1167; x_wconf 34' lang='lat' dir='ltr'>mm*-</span> 
     </span>
    </p>
   </div>
   <div class='ocr_carea' id='block_1_11' title="bbox 246 1187 583 1326">
    <p class='ocr_par' dir='ltr' id='par_1_11' title="bbox 246 1187 583 1326">
     <span class='ocr_line' id='line_1_18' title="bbox 246 1187 522 1222; baseline 0 -1"><span class='ocrx_word' id='word_1_124' title='bbox 246 1191 359 1222; x_wconf 88' lang='lat' dir='ltr'>tenera</span> <span class='ocrx_word' id='word_1_125' title='bbox 382 1187 522 1222; x_wconf 87' lang='lat' dir='ltr'>infantia</span> 
     </span>
     <span class='ocr_line' id='line_1_19' title="bbox 246 1236 417 1270; baseline -0.012 0"><span class='ocrx_word' id='word_1_126' title='bbox 246 1236 417 1270; x_wconf 79' lang='lat' dir='ltr'>Benedicti</span> 
     </span>
     <span class='ocr_line' id='line_1_20' title="bbox 248 1285 583 1326; baseline 0 -8"><span class='ocrx_word' id='word_1_127' title='bbox 248 1286 351 1326; x_wconf 84' lang='lat' dir='ltr'>patris</span> <span class='ocrx_word' id='word_1_128' title='bbox 377 1285 583 1318; x_wconf 84' lang='lat' dir='ltr'>oboedientia</span> 
     </span>
    </p>
   </div>
   <div class='ocr_carea' id='block_1_12' title="bbox 154 1372 571 1406">
    <p class='ocr_par' dir='ltr' id='par_1_12' title="bbox 154 1372 571 1406">
     <span class='ocr_line' id='line_1_21' title="bbox 154 1372 571 1406; baseline -0.002 0"><span class='ocrx_word' id='word_1_129' title='bbox 154 1374 173 1406; x_wconf 87' lang='lat'>5</span> <span class='ocrx_word' id='word_1_130' title='bbox 191 1382 220 1405; x_wconf 87' lang='lat' dir='ltr'>a.</span> <span class='ocrx_word' id='word_1_131' title='bbox 247 1373 342 1405; x_wconf 86' lang='lat' dir='ltr'>Alter</span> <span class='ocrx_word' id='word_1_132' title='bbox 366 1380 431 1403; x_wconf 89' lang='lat' dir='ltr'>non</span> <span class='ocrx_word' id='word_1_133' title='bbox 457 1372 571 1405; x_wconf 85' lang='lat' dir='ltr'>tertius</span> 
     </span>
    </p>
   </div>
   <div class='ocr_carea' id='block_1_13' title="bbox 252 1435 303 1444">
    <p class='ocr_par' dir='ltr' id='par_1_13' title="bbox 252 1435 303 1444">
     <span class='ocr_line' id='line_1_22' title="bbox 252 1435 303 1444; baseline 0.02 -1"><span class='ocrx_word' id='word_1_134' title='bbox 252 1435 303 1444; x_wconf 73' lang='grc' dir='ltr'><em>Μ</em></span> 
     </span>
    </p>
   </div>
   <div class='ocr_carea' id='block_1_14' title="bbox 312 1434 464 1444">
    <p class='ocr_par' dir='ltr' id='par_1_14' title="bbox 312 1434 464 1444">
     <span class='ocr_line' id='line_1_23' title="bbox 312 1434 464 1444; baseline 0 1246"><span class='ocrx_word' id='word_1_135' title='bbox 312 1434 464 1444; x_wconf 95' lang='lat' dir='ltr'> </span> 
     </span>
    </p>
   </div>
   <div class='ocr_carea' id='block_1_15' title="bbox 466 1435 537 1444">
    <p class='ocr_par' dir='ltr' id='par_1_15' title="bbox 466 1435 537 1444">
     <span class='ocr_line' id='line_1_24' title="bbox 466 1435 537 1444; baseline 0 0"><span class='ocrx_word' id='word_1_136' title='bbox 466 1435 480 1441; x_wconf 69' lang='lat'>⁴-</span> <span class='ocrx_word' id='word_1_137' title='bbox 510 1435 537 1444; x_wconf 65' lang='lat' dir='ltr'>»v</span> 
     </span>
    </p>
   </div>
   <div class='ocr_carea' id='block_1_16' title="bbox 249 1467 718 1509">
    <p class='ocr_par' dir='ltr' id='par_1_16' title="bbox 249 1467 718 1509">
     <span class='ocr_line' id='line_1_25' title="bbox 249 1467 718 1509; baseline -0.002 -8"><span class='ocrx_word' id='word_1_138' title='bbox 249 1468 352 1501; x_wconf 84' lang='lat' dir='ltr'>cernit</span> <span class='ocrx_word' id='word_1_139' title='bbox 378 1467 542 1501; x_wconf 82' lang='lat' dir='ltr'>daemonis</span> <span class='ocrx_word' id='word_1_140' title='bbox 568 1468 718 1509; x_wconf 88' lang='lat' dir='ltr'>ridicula,</span> 
     </span>
    </p>
   </div>
   <div class='ocr_carea' id='block_1_17' title="bbox 161 1554 572 1692">
    <p class='ocr_par' dir='ltr' id='par_1_17' title="bbox 161 1554 572 1692">
     <span class='ocr_line' id='line_1_26' title="bbox 161 1554 506 1588; baseline -0.003 0"><span class='ocrx_word' id='word_1_141' title='bbox 161 1556 222 1588; x_wconf 66' lang='lat'>62.</span> <span class='ocrx_word' id='word_1_142' title='bbox 249 1554 397 1588; x_wconf 85' lang='lat' dir='ltr'>Levitica</span> <span class='ocrx_word' id='word_1_143' title='bbox 422 1555 506 1587; x_wconf 87' lang='lat' dir='ltr'>stola</span> 
     </span>
     <span class='ocr_line' id='line_1_27' title="bbox 249 1601 572 1636; baseline 0 0"><span class='ocrx_word' id='word_1_144' title='bbox 249 1603 389 1636; x_wconf 86' lang='lat' dir='ltr'>debilem</span> <span class='ocrx_word' id='word_1_145' title='bbox 414 1601 572 1636; x_wconf 82' lang='lat' dir='ltr'>reformat</span> 
     </span>
     <span class='ocr_line' id='line_1_28' title="bbox 247 1651 544 1692; baseline 0.003 -8"><span class='ocrx_word' id='word_1_146' title='bbox 247 1652 404 1692; x_wconf 87' lang='lat' dir='ltr'>sospitate</span> <span class='ocrx_word' id='word_1_147' title='bbox 428 1651 544 1691; x_wconf 85' lang='lat' dir='ltr'>prima.</span> 
     </span>
    </p>
   </div>
   <div class='ocr_carea' id='block_1_18' title="bbox 165 1739 638 1833">
    <p class='ocr_par' dir='ltr' id='par_1_18' title="bbox 165 1739 638 1833">
     <span class='ocr_line' id='line_1_29' title="bbox 165 1739 638 1773; baseline -0.004 0"><span class='ocrx_word' id='word_1_148' title='bbox 165 1741 224 1773; x_wconf 83' lang='lat' dir='ltr'>7a.</span> <span class='ocrx_word' id='word_1_149' title='bbox 253 1739 385 1773; x_wconf 88' lang='lat' dir='ltr'>Comitis</span> <span class='ocrx_word' id='word_1_150' title='bbox 412 1739 482 1772; x_wconf 88' lang='lat' dir='ltr'>vice</span> <span class='ocrx_word' id='word_1_151' title='bbox 507 1739 638 1772; x_wconf 88' lang='lat' dir='ltr'>Domini</span> 
     </span>
     <span class='ocr_line' id='line_1_30' title="bbox 248 1787 578 1833; baseline 0.003 -13"><span class='ocrx_word' id='word_1_152' title='bbox 248 1790 341 1820; x_wconf 88' lang='lat' dir='ltr'>curat</span> <span class='ocrx_word' id='word_1_153' title='bbox 364 1787 578 1833; x_wconf 84' lang='lat' dir='ltr'>incommoda,</span> 
     </span>
    </p>
   </div>
   <div class='ocr_carea' id='block_1_19' title="bbox 477 1852 651 1861">
    <p class='ocr_par' dir='ltr' id='par_1_19' title="bbox 477 1852 651 1861">
     <span class='ocr_line' id='line_1_31' title="bbox 477 1852 651 1861; baseline -0.006 0"><span class='ocrx_word' id='word_1_154' title='bbox 477 1852 651 1861; x_wconf 36' lang='lat' dir='ltr'>mvrena-x</span> 
     </span>
    </p>
   </div>
   <div class='ocr_carea' id='block_1_20' title="bbox 245 1851 476 1861">
    <p class='ocr_par' dir='ltr' id='par_1_20' title="bbox 245 1851 476 1861">
     <span class='ocr_line' id='line_1_32' title="bbox 245 1851 476 1861; baseline 0 829"><span class='ocrx_word' id='word_1_155' title='bbox 245 1851 476 1861; x_wconf 95' lang='lat' dir='ltr'> </span> 
     </span>
    </p>
   </div>
   <div class='ocr_carea' id='block_1_21' title="bbox 247 1898 419 1910">
    <p class='ocr_par' dir='ltr' id='par_1_21' title="bbox 247 1898 419 1910">
     <span class='ocr_line' id='line_1_33' title="bbox 247 1898 419 1910; baseline -0.012 0"><span class='ocrx_word' id='word_1_156' title='bbox 247 1898 419 1910; x_wconf 50' lang='grc' dir='ltr'>ΑΜΛΛΜ»</span> 
     </span>
    </p>
   </div>
   <div class='ocr_carea' id='block_1_22' title="bbox 248 1930 484 1965">
    <p class='ocr_par' dir='ltr' id='par_1_22' title="bbox 248 1930 484 1965">
     <span class='ocr_line' id='line_1_34' title="bbox 248 1930 484 1965; baseline -0.004 -1"><span class='ocrx_word' id='word_1_157' title='bbox 248 1930 345 1965; x_wconf 82' lang='lat' dir='ltr'>fracti</span> <span class='ocrx_word' id='word_1_158' title='bbox 370 1930 484 1964; x_wconf 87' lang='lat' dir='ltr'>famuli</span> 
     </span>
    </p>
   </div>
   <div class='ocr_carea' id='block_1_23' title="bbox 420 1898 593 1908">
    <p class='ocr_par' dir='ltr' id='par_1_23' title="bbox 420 1898 593 1908">
     <span class='ocr_line' id='line_1_35' title="bbox 420 1898 593 1908; baseline 0 782"><span class='ocrx_word' id='word_1_159' title='bbox 420 1898 593 1908; x_wconf 95' lang='lat' dir='ltr'> </span> 
     </span>
    </p>
   </div>
   <div class='ocr_carea' id='block_1_24' title="bbox 480 1996 651 2006">
    <p class='ocr_par' dir='ltr' id='par_1_24' title="bbox 480 1996 651 2006">
     <span class='ocr_line' id='line_1_36' title="bbox 480 1996 651 2006; baseline 0 0"><span class='ocrx_word' id='word_1_160' title='bbox 480 1996 651 2006; x_wconf 57' lang='lat' dir='ltr'>tvvm</span> 
     </span>
    </p>
   </div>
   <div class='ocr_carea' id='block_1_25' title="bbox 248 2028 672 2069">
    <p class='ocr_par' dir='ltr' id='par_1_25' title="bbox 248 2028 672 2069">
     <span class='ocr_line' id='line_1_37' title="bbox 248 2028 672 2069; baseline 0.002 -7"><span class='ocrx_word' id='word_1_161' title='bbox 248 2032 381 2062; x_wconf 82' lang='lat' dir='ltr'>sanctus</span> <span class='ocrx_word' id='word_1_162' title='bbox 407 2031 502 2061; x_wconf 83' lang='lat' dir='ltr'>sanat</span> <span class='ocrx_word' id='word_1_163' title='bbox 525 2028 672 2069; x_wconf 83' lang='lat' dir='ltr'>vestigia.</span> 
     </span>
    </p>
   </div>
   <div class='ocr_carea' id='block_1_26' title="bbox 161 2115 712 2302">
    <p class='ocr_par' dir='ltr' id='par_1_26' title="bbox 161 2115 712 2302">
     <span class='ocr_line' id='line_1_38' title="bbox 161 2115 571 2157; baseline -0.005 -7"><span class='ocrx_word' id='word_1_164' title='bbox 161 2117 221 2152; x_wconf 85' lang='lat' dir='ltr'>8a.</span> <span class='ocrx_word' id='word_1_165' title='bbox 248 2116 355 2149; x_wconf 81' lang='lat' dir='ltr'>Patris</span> <span class='ocrx_word' id='word_1_166' title='bbox 383 2115 571 2157; x_wconf 86' lang='lat' dir='ltr'>dulcissimi,</span> 
     </span>
     <span class='ocr_line' id='line_1_39' title="bbox 250 2164 712 2208; baseline 0 -11"><span class='ocrx_word' id='word_1_167' title='bbox 250 2165 325 2197; x_wconf 87' lang='lat' dir='ltr'>dum</span> <span class='ocrx_word' id='word_1_168' title='bbox 350 2164 470 2204; x_wconf 79' lang='lat' dir='ltr'>migrat</span> <span class='ocrx_word' id='word_1_169' title='bbox 494 2165 537 2197; x_wconf 88' lang='lat' dir='ltr'>ad</span> <span class='ocrx_word' id='word_1_170' title='bbox 563 2173 712 2208; x_wconf 86' lang='lat' dir='ltr'>superna,</span> 
     </span>
     <span class='ocr_line' id='line_1_40' title="bbox 250 2212 546 2252; baseline -0.003 -7"><span class='ocrx_word' id='word_1_171' title='bbox 250 2220 385 2245; x_wconf 89' lang='lat' dir='ltr'>cernere</span> <span class='ocrx_word' id='word_1_172' title='bbox 409 2212 546 2252; x_wconf 80' lang='lat' dir='ltr'>gloriam</span> 
     </span>
     <span class='ocr_line' id='line_1_41' title="bbox 251 2260 617 2302; baseline -0.003 -8"><span class='ocrx_word' id='word_1_173' title='bbox 251 2260 366 2302; x_wconf 84' lang='lat' dir='ltr'>dignus</span> <span class='ocrx_word' id='word_1_174' title='bbox 393 2262 442 2292; x_wconf 90' lang='lat' dir='ltr'>est</span> <span class='ocrx_word' id='word_1_175' title='bbox 468 2269 485 2292; x_wconf 91' lang='lat' dir='ltr'>e</span> <span class='ocrx_word' id='word_1_176' title='bbox 509 2262 617 2301; x_wconf 83' lang='lat' dir='ltr'>terra3</span> 
     </span>
    </p>
   </div>
   <div class='ocr_carea' id='block_1_27' title="bbox 165 2347 562 2488">
    <p class='ocr_par' dir='ltr' id='par_1_27' title="bbox 165 2347 562 2488">
     <span class='ocr_line' id='line_1_42' title="bbox 165 2347 555 2390; baseline -0.005 -7"><span class='ocrx_word' id='word_1_177' title='bbox 165 2351 226 2383; x_wconf 86' lang='lat' dir='ltr'>9a.</span> <span class='ocrx_word' id='word_1_178' title='bbox 253 2349 321 2382; x_wconf 81' lang='lat' dir='ltr'>Nos</span> <span class='ocrx_word' id='word_1_179' title='bbox 348 2347 464 2383; x_wconf 83' lang='lat' dir='ltr'>merita</span> <span class='ocrx_word' id='word_1_180' title='bbox 489 2352 555 2390; x_wconf 87' lang='lat' dir='ltr'>tua,</span> 
     </span>
     <span class='ocr_line' id='line_1_43' title="bbox 249 2396 562 2441; baseline 0 -11"><span class='ocrx_word' id='word_1_181' title='bbox 249 2400 369 2441; x_wconf 85' lang='lat' dir='ltr'>sancte,</span> <span class='ocrx_word' id='word_1_182' title='bbox 400 2396 562 2430; x_wconf 85' lang='lat' dir='ltr'>clarisona</span> 
     </span>
     <span class='ocr_line' id='line_1_44' title="bbox 249 2445 553 2488; baseline -0.003 -9"><span class='ocrx_word' id='word_1_183' title='bbox 249 2455 436 2480; x_wconf 79' lang='lat' dir='ltr'>resonamus</span> <span class='ocrx_word' id='word_1_184' title='bbox 462 2445 553 2488; x_wconf 82' lang='lat' dir='ltr'>lyra3</span> 
     </span>
    </p>
   </div>
   <div class='ocr_carea' id='block_1_28' title="bbox 854 910 915 944">
    <p class='ocr_par' dir='ltr' id='par_1_28' title="bbox 854 910 915 944">
     <span class='ocr_line' id='line_1_45' title="bbox 854 910 915 944; baseline 0 -1"><span class='ocrx_word' id='word_1_185' title='bbox 854 910 915 944; x_wconf 76' lang='lat' dir='ltr'>3b,</span> 
     </span>
    </p>
   </div>
   <div class='ocr_carea' id='block_1_29' title="bbox 855 1094 914 1127">
    <p class='ocr_par' dir='ltr' id='par_1_29' title="bbox 855 1094 914 1127">
     <span class='ocr_line' id='line_1_46' title="bbox 855 1094 914 1127; baseline -0.034 0"><span class='ocrx_word' id='word_1_186' title='bbox 855 1094 914 1127; x_wconf 87' lang='lat' dir='ltr'>4b.</span> 
     </span>
    </p>
   </div>
   <div class='ocr_carea' id='block_1_30' title="bbox 855 1373 914 1407">
    <p class='ocr_par' dir='ltr' id='par_1_30' title="bbox 855 1373 914 1407">
     <span class='ocr_line' id='line_1_47' title="bbox 855 1373 914 1407; baseline -0.017 0"><span class='ocrx_word' id='word_1_187' title='bbox 855 1373 914 1407; x_wconf 87' lang='lat' dir='ltr'>5b.</span> 
     </span>
    </p>
   </div>
   <div class='ocr_carea' id='block_1_31' title="bbox 854 1555 913 1589">
    <p class='ocr_par' dir='ltr' id='par_1_31' title="bbox 854 1555 913 1589">
     <span class='ocr_line' id='line_1_48' title="bbox 854 1555 913 1589; baseline 0 -1"><span class='ocrx_word' id='word_1_188' title='bbox 854 1555 913 1589; x_wconf 88' lang='lat' dir='ltr'>6b.</span> 
     </span>
    </p>
   </div>
   <div class='ocr_carea' id='block_1_32' title="bbox 855 1739 914 1773">
    <p class='ocr_par' dir='ltr' id='par_1_32' title="bbox 855 1739 914 1773">
     <span class='ocr_line' id='line_1_49' title="bbox 855 1739 914 1773; baseline 0.017 -1"><span class='ocrx_word' id='word_1_189' title='bbox 855 1739 914 1773; x_wconf 77' lang='lat'>710.</span> 
     </span>
    </p>
   </div>
   <div class='ocr_carea' id='block_1_33' title="bbox 860 2116 920 2150">
    <p class='ocr_par' dir='ltr' id='par_1_33' title="bbox 860 2116 920 2150">
     <span class='ocr_line' id='line_1_50' title="bbox 860 2116 920 2150; baseline 0 0"><span class='ocrx_word' id='word_1_190' title='bbox 860 2116 920 2150; x_wconf 88' lang='lat' dir='ltr'>8b.</span> 
     </span>
    </p>
   </div>
   <div class='ocr_carea' id='block_1_34' title="bbox 857 2348 916 2382">
    <p class='ocr_par' dir='ltr' id='par_1_34' title="bbox 857 2348 916 2382">
     <span class='ocr_line' id='line_1_51' title="bbox 857 2348 916 2382; baseline 0 0"><span class='ocrx_word' id='word_1_191' title='bbox 857 2348 916 2382; x_wconf 90' lang='lat' dir='ltr'>9b.</span> 
     </span>
    </p>
   </div>
   <div class='ocr_carea' id='block_1_35' title="bbox 939 777 1315 863">
    <p class='ocr_par' dir='ltr' id='par_1_35' title="bbox 939 777 1315 863">
     <span class='ocr_line' id='line_1_52' title="bbox 939 777 1099 816; baseline -0.013 -8"><span class='ocrx_word' id='word_1_192' title='bbox 939 777 1099 816; x_wconf 86' lang='lat' dir='ltr'>perpetua</span> 
     </span>
     <span class='ocr_line' id='line_1_53' title="bbox 940 820 1315 863; baseline -0.011 -7"><span class='ocrx_word' id='word_1_193' title='bbox 940 822 1128 856; x_wconf 87' lang='lat' dir='ltr'>sublimavit</span> <span class='ocrx_word' id='word_1_194' title='bbox 1151 822 1184 854; x_wconf 89' lang='lat' dir='ltr'>in</span> <span class='ocrx_word' id='word_1_195' title='bbox 1211 820 1315 863; x_wconf 84' lang='lat' dir='ltr'>gloria</span> 
     </span>
    </p>
   </div>
   <div class='ocr_carea' id='block_1_36' title="bbox 939 909 1327 1047">
    <p class='ocr_par' dir='ltr' id='par_1_36' title="bbox 939 909 1327 1047">
     <span class='ocr_line' id='line_1_54' title="bbox 941 909 1223 951; baseline -0.007 -8"><span class='ocrx_word' id='word_1_196' title='bbox 941 909 1078 944; x_wconf 70' lang='lat' dir='ltr'>Victriei</span> <span class='ocrx_word' id='word_1_197' title='bbox 1102 909 1223 951; x_wconf 85' lang='lat' dir='ltr'>palma,</span> 
     </span>
     <span class='ocr_line' id='line_1_55' title="bbox 940 957 1304 1001; baseline -0.011 -10"><span class='ocrx_word' id='word_1_198' title='bbox 940 957 1030 1000; x_wconf 69' lang='lat' dir='ltr'>felici</span> <span class='ocrx_word' id='word_1_199' title='bbox 1047 966 1176 1001; x_wconf 45' lang='lat' dir='ltr'>pot-qna,</span> <span class='ocrx_word' id='word_1_200' title='bbox 1202 957 1304 996; x_wconf 63' lang='lat' dir='ltr'>longa</span> 
     </span>
     <span class='ocr_line' id='line_1_56' title="bbox 939 1003 1327 1047; baseline -0.008 -9"><span class='ocrx_word' id='word_1_201' title='bbox 939 1006 1138 1047; x_wconf 87' lang='lat' dir='ltr'>perennique</span> <span class='ocrx_word' id='word_1_202' title='bbox 1161 1003 1327 1037; x_wconf 84' lang='lat' dir='ltr'>memoria.</span> 
     </span>
    </p>
   </div>
   <div class='ocr_carea' id='block_1_37' title="bbox 939 1092 1327 1326">
    <p class='ocr_par' dir='ltr' id='par_1_37' title="bbox 944 1092 1200 1128">
     <span class='ocr_line' id='line_1_57' title="bbox 944 1092 1200 1128; baseline -0.016 -1"><span class='ocrx_word' id='word_1_203' title='bbox 944 1094 1058 1128; x_wconf 87' lang='lat' dir='ltr'>Clarus</span> <span class='ocrx_word' id='word_1_204' title='bbox 1085 1092 1200 1124; x_wconf 89' lang='lat' dir='ltr'>enituit</span> 
     </span>
    </p>

    <p class='ocr_par' dir='ltr' id='par_1_38' title="bbox 942 1140 1327 1270">
     <span class='ocr_line' id='line_1_58' title="bbox 942 1140 1241 1185; baseline -0.007 -11"><span class='ocrx_word' id='word_1_205' title='bbox 942 1144 980 1185; x_wconf 67' lang='lat' dir='ltr'>et,</span> <span class='ocrx_word' id='word_1_206' title='bbox 1000 1142 1079 1183; x_wconf 70' lang='lat' dir='ltr'>post</span> <span class='ocrx_word' id='word_1_207' title='bbox 1102 1140 1241 1173; x_wconf 71' lang='lat' dir='ltr'>Petrum</span> 
     </span>
     <span class='ocr_line' id='line_1_59' title="bbox 943 1189 1327 1229; baseline -0.008 -7"><span class='ocrx_word' id='word_1_208' title='bbox 943 1191 1018 1222; x_wconf 87' lang='lat' dir='ltr'>dum</span> <span class='ocrx_word' id='word_1_209' title='bbox 1045 1189 1151 1222; x_wconf 86' lang='lat' dir='ltr'>calcat</span> <span class='ocrx_word' id='word_1_210' title='bbox 1174 1196 1327 1229; x_wconf 86' lang='lat' dir='ltr'>aequora,</span> 
     </span>
     <span class='ocr_line' id='line_1_60' title="bbox 942 1237 1107 1270; baseline -0.012 0"><span class='ocrx_word' id='word_1_211' title='bbox 942 1237 1107 1270; x_wconf 83' lang='lat' dir='ltr'>consodali</span> 
     </span>
    </p>

    <p class='ocr_par' dir='ltr' id='par_1_39' title="bbox 939 1283 1305 1326">
     <span class='ocr_line' id='line_1_61' title="bbox 939 1283 1305 1326; baseline 0 -9"><span class='ocrx_word' id='word_1_212' title='bbox 939 1287 1026 1319; x_wconf 84' lang='lat' dir='ltr'>vitae</span> <span class='ocrx_word' id='word_1_213' title='bbox 1051 1283 1115 1317; x_wconf 84' lang='lat' dir='ltr'>fert</span> <span class='ocrx_word' id='word_1_214' title='bbox 1142 1283 1305 1326; x_wconf 86' lang='lat' dir='ltr'>suffragia.</span> 
     </span>
    </p>
   </div>
   <div class='ocr_carea' id='block_1_38' title="bbox 941 1370 1478 1507">
    <p class='ocr_par' dir='ltr' id='par_1_40' title="bbox 941 1370 1478 1507">
     <span class='ocr_line' id='line_1_62' title="bbox 943 1370 1275 1413; baseline -0.009 -7"><span class='ocrx_word' id='word_1_215' title='bbox 943 1372 1088 1413; x_wconf 79' lang='lat' dir='ltr'>Qualiter</span> <span class='ocrx_word' id='word_1_216' title='bbox 1113 1370 1275 1404; x_wconf 79' lang='lat' dir='ltr'>abstraxit</span> 
     </span>
     <span class='ocr_line' id='line_1_63' title="bbox 941 1419 1143 1454; baseline -0.02 0"><span class='ocrx_word' id='word_1_217' title='bbox 941 1421 982 1454; x_wconf 87' lang='lat' dir='ltr'>ab</span> <span class='ocrx_word' id='word_1_218' title='bbox 1008 1419 1143 1454; x_wconf 69' lang='lat' dir='ltr'>ecelesia</span> 
     </span>
     <span class='ocr_line' id='line_1_64' title="bbox 942 1467 1478 1507; baseline -0.006 -6"><span class='ocrx_word' id='word_1_219' title='bbox 942 1468 1077 1501; x_wconf 85' lang='lat' dir='ltr'>fratrem</span> <span class='ocrx_word' id='word_1_220' title='bbox 1103 1467 1191 1500; x_wconf 85' lang='lat' dir='ltr'>foras</span> <span class='ocrx_word' id='word_1_221' title='bbox 1218 1467 1260 1500; x_wconf 89' lang='lat' dir='ltr'>ad</span> <span class='ocrx_word' id='word_1_222' title='bbox 1281 1467 1478 1507; x_wconf 85' lang='lat' dir='ltr'>spectacula.</span> 
     </span>
    </p>
   </div>
   <div class='ocr_carea' id='block_1_39' title="bbox 939 1555 1295 1685">
    <p class='ocr_par' dir='ltr' id='par_1_41' title="bbox 939 1555 1295 1685">
     <span class='ocr_line' id='line_1_65' title="bbox 939 1555 1295 1589; baseline -0.011 0"><span class='ocrx_word' id='word_1_223' title='bbox 939 1555 1028 1589; x_wconf 89' lang='lat' dir='ltr'>Hinc</span> <span class='ocrx_word' id='word_1_224' title='bbox 1053 1563 1131 1587; x_wconf 88' lang='lat' dir='ltr'>cura</span> <span class='ocrx_word' id='word_1_225' title='bbox 1154 1555 1295 1588; x_wconf 79' lang='lat' dir='ltr'>maxima</span> 
     </span>
     <span class='ocr_line' id='line_1_66' title="bbox 941 1603 1229 1637; baseline -0.007 0"><span class='ocrx_word' id='word_1_226' title='bbox 941 1605 1115 1637; x_wconf 84' lang='lat' dir='ltr'>veneratur</span> <span class='ocrx_word' id='word_1_227' title='bbox 1137 1603 1229 1635; x_wconf 89' lang='lat' dir='ltr'>illum</span> 
     </span>
     <span class='ocr_line' id='line_1_67' title="bbox 941 1651 1260 1685; baseline -0.006 0"><span class='ocrx_word' id='word_1_228' title='bbox 941 1652 1140 1685; x_wconf 83' lang='lat' dir='ltr'>Benedictus</span> <span class='ocrx_word' id='word_1_229' title='bbox 1166 1651 1260 1684; x_wconf 78' lang='lat' dir='ltr'>abba.</span> 
     </span>
    </p>
   </div>
   <div class='ocr_carea' id='block_1_40' title="bbox 941 1737 1362 2071">
    <p class='ocr_par' dir='ltr' id='par_1_42' title="bbox 941 1737 1362 1974">
     <span class='ocr_line' id='line_1_68' title="bbox 943 1737 1362 1780; baseline -0.005 -8"><span class='ocrx_word' id='word_1_230' title='bbox 943 1738 1087 1772; x_wconf 74' lang='lat' dir='ltr'>Contulit</span> <span class='ocrx_word' id='word_1_231' title='bbox 1112 1747 1208 1771; x_wconf 88' lang='lat' dir='ltr'>caeco</span> <span class='ocrx_word' id='word_1_232' title='bbox 1234 1737 1362 1780; x_wconf 81' lang='lat' dir='ltr'>gemina</span> 
     </span>
     <span class='ocr_line' id='line_1_69' title="bbox 943 1787 1299 1828; baseline -0.006 -8"><span class='ocrx_word' id='word_1_233' title='bbox 943 1787 1141 1828; x_wconf 84' lang='lat' dir='ltr'>perpulchra</span> <span class='ocrx_word' id='word_1_234' title='bbox 1165 1787 1299 1828; x_wconf 80' lang='lat' dir='ltr'>lumina,</span> 
     </span>
     <span class='ocr_line' id='line_1_70' title="bbox 943 1835 1306 1877; baseline -0.008 -8"><span class='ocrx_word' id='word_1_235' title='bbox 943 1844 1029 1877; x_wconf 76' lang='lat' dir='ltr'>quae</span> <span class='ocrx_word' id='word_1_236' title='bbox 1051 1845 1123 1869; x_wconf 74' lang='lat' dir='ltr'>non</span> <span class='ocrx_word' id='word_1_237' title='bbox 1147 1835 1306 1869; x_wconf 75' lang='lat' dir='ltr'>dederant</span> 
     </span>
     <span class='ocr_line' id='line_1_71' title="bbox 941 1887 1257 1927; baseline -0.003 -9"><span class='ocrx_word' id='word_1_238' title='bbox 941 1887 1086 1918; x_wconf 66' lang='lat' dir='ltr'>maturae</span> <span class='ocrx_word' id='word_1_239' title='bbox 1107 1893 1257 1927; x_wconf 72' lang='lat' dir='ltr'>munera,</span> 
     </span>
     <span class='ocr_line' id='line_1_72' title="bbox 942 1935 1242 1974; baseline 0 -9"><span class='ocrx_word' id='word_1_240' title='bbox 942 1936 1074 1974; x_wconf 82' lang='lat' dir='ltr'>tresque</span> <span class='ocrx_word' id='word_1_241' title='bbox 1098 1935 1242 1966; x_wconf 85' lang='lat' dir='ltr'>mortuos</span> 
     </span>
    </p>

    <p class='ocr_par' dir='ltr' id='par_1_43' title="bbox 941 1981 1355 2071">
     <span class='ocr_line' id='line_1_73' title="bbox 941 1981 1355 2015; baseline 0 -1"><span class='ocrx_word' id='word_1_242' title='bbox 941 1981 1028 2014; x_wconf 76' lang='lat' dir='ltr'>vitae</span> <span class='ocrx_word' id='word_1_243' title='bbox 1051 1981 1196 2014; x_wconf 72' lang='lat' dir='ltr'>reddidit</span> <span class='ocrx_word' id='word_1_244' title='bbox 1219 1982 1355 2015; x_wconf 73' lang='lat' dir='ltr'>sanctae</span> 
     </span>
     <span class='ocr_line' id='line_1_74' title="bbox 942 2029 1322 2071; baseline 0.003 -10"><span class='ocrx_word' id='word_1_245' title='bbox 942 2039 1004 2071; x_wconf 81' lang='lat' dir='ltr'>per</span> <span class='ocrx_word' id='word_1_246' title='bbox 1028 2029 1185 2062; x_wconf 71' lang='lat' dir='ltr'>trinitatis</span> <span class='ocrx_word' id='word_1_247' title='bbox 1212 2038 1322 2071; x_wconf 83' lang='lat' dir='ltr'>opera.</span> 
     </span>
    </p>
   </div>
   <div class='ocr_carea' id='block_1_41' title="bbox 944 2116 1329 2295">
    <p class='ocr_par' dir='ltr' id='par_1_44' title="bbox 944 2116 1329 2295">
     <span class='ocr_line' id='line_1_75' title="bbox 946 2116 1329 2156; baseline 0.003 -7"><span class='ocrx_word' id='word_1_248' title='bbox 946 2116 1131 2156; x_wconf 87' lang='lat' dir='ltr'>Lampades</span> <span class='ocrx_word' id='word_1_249' title='bbox 1157 2121 1329 2150; x_wconf 86' lang='lat' dir='ltr'>coruscant</span> 
     </span>
     <span class='ocr_line' id='line_1_76' title="bbox 944 2165 1313 2205; baseline -0.003 -7"><span class='ocrx_word' id='word_1_250' title='bbox 944 2167 1196 2205; x_wconf 81' lang='lat' dir='ltr'>ornamentaque</span> <span class='ocrx_word' id='word_1_251' title='bbox 1221 2165 1313 2203; x_wconf 83' lang='lat' dir='ltr'>mira,</span> 
     </span>
     <span class='ocr_line' id='line_1_77' title="bbox 944 2213 1237 2255; baseline 0 -9"><span class='ocrx_word' id='word_1_252' title='bbox 944 2213 1077 2255; x_wconf 84' lang='lat' dir='ltr'>angelus</span> <span class='ocrx_word' id='word_1_253' title='bbox 1102 2213 1237 2254; x_wconf 87' lang='lat' dir='ltr'>indicat,</span> 
     </span>
     <span class='ocr_line' id='line_1_78' title="bbox 947 2261 1298 2295; baseline -0.003 -1"><span class='ocrx_word' id='word_1_254' title='bbox 947 2262 1036 2294; x_wconf 89' lang='lat' dir='ltr'>cuius</span> <span class='ocrx_word' id='word_1_255' title='bbox 1060 2261 1143 2294; x_wconf 87' lang='lat' dir='ltr'>haec</span> <span class='ocrx_word' id='word_1_256' title='bbox 1168 2262 1212 2294; x_wconf 86' lang='lat' dir='ltr'>sit</span> <span class='ocrx_word' id='word_1_257' title='bbox 1236 2261 1298 2295; x_wconf 90' lang='lat' dir='ltr'>via.</span> 
     </span>
    </p>
   </div>
   <div class='ocr_carea' id='block_1_42' title="bbox 943 2349 1301 2486">
    <p class='ocr_par' dir='ltr' id='par_1_45' title="bbox 943 2349 1301 2486">
     <span class='ocr_line' id='line_1_79' title="bbox 943 2349 1301 2388; baseline 0.003 -7"><span class='ocrx_word' id='word_1_258' title='bbox 943 2349 994 2381; x_wconf 90' lang='lat' dir='ltr'>Tu</span> <span class='ocrx_word' id='word_1_259' title='bbox 1020 2357 1158 2388; x_wconf 88' lang='lat' dir='ltr'>corpora</span> <span class='ocrx_word' id='word_1_260' title='bbox 1180 2352 1301 2388; x_wconf 86' lang='lat' dir='ltr'>nostra,</span> 
     </span>
     <span class='ocr_line' id='line_1_80' title="bbox 944 2397 1279 2437; baseline 0.006 -9"><span class='ocrx_word' id='word_1_261' title='bbox 944 2399 980 2429; x_wconf 84' lang='lat' dir='ltr'>tu</span> <span class='ocrx_word' id='word_1_262' title='bbox 1001 2405 1131 2437; x_wconf 87' lang='lat' dir='ltr'>semper</span> <span class='ocrx_word' id='word_1_263' title='bbox 1156 2397 1279 2432; x_wconf 83' lang='lat' dir='ltr'>animas</span> 
     </span>
     <span class='ocr_line' id='line_1_81' title="bbox 946 2445 1211 2486; baseline 0.008 -9"><span class='ocrx_word' id='word_1_264' title='bbox 946 2445 1052 2486; x_wconf 83' lang='lat' dir='ltr'>gratia</span> <span class='ocrx_word' id='word_1_265' title='bbox 1072 2448 1211 2485; x_wconf 85' lang='lat' dir='ltr'>paterna</span> 
     </span>
    </p>
   </div>
  </div>
 </body>
</html>
