1656 2690
661 112 925 149 —105—

134 213 152 244 7
167 220 198 244 a.
226 210 282 243 Ad
309 210 468 252 templum
492 210 652 243 Bonifatii

276 260 496 299 Imperatores
523 259 601 299 divi,

225 307 401 347 Arcadius,
429 306 604 346 Honorius,

226 355 277 388 Ac
301 356 437 396 praesul
462 355 672 388 Innocentius

225 403 368 446 UmeriS,
395 403 514 443 palmis
539 404 684 443 propriis

227 451 306 486 Cum
334 452 462 492 hymnis
490 454 522 484 et
549 453 684 485 canticis

273 500 430 533 Sanctum
456 509 575 541 corpus

325 549 474 581 devotius
498 552 684 590 portarunt,

227 596 318 630 Odor
345 598 386 629 de
412 606 474 638 quo

326 644 501 687 fragrabat
527 645 746 679 dulcissimus,

226 693 399 727 Piissimus

214 740 406 776 'Confessor
430 741 569 774 Alexius

326 799 387 830 pro
416 789 512 822 nobis
538 790 583 820 sit
606 791 769 828 precator.

836 211 894 245 7b.

923 211 981 244 Cui
1008 211 1135 244 culmen
1160 209 1289 251 palatii,

975 259 1043 293 Ubi
1070 260 1111 292 de
1137 258 1228 292 fonte
1255 257 1319 290 rivi

926 308 1091 341 Emanant
1115 307 1293 348 purissimi,

927 356 987 395 Qui
1015 355 1164 389 Christus
1183 359 1243 397 est,
1271 354 1462 395 dulcissimi,

928 404 1008 436 Post
1014 404 1145 437 hocVae
1151 403 1213 447 fac,
1221 407 1258 436 ut
1266 403 1471 443 scandamus,

926 452 1082 484 Barathri
1107 461 1149 484 ne
1173 461 1231 484 nos
1258 452 1371 484 hamus

977 500 1118 542 Mergat,
1145 501 1205 533 sed
1232 501 1289 541 qui

1028 557 1144 580 canere
1169 558 1233 581 non
1263 551 1430 580 cessarunt

934 595 1104 639 „Sanctus‚
1134 594 1311 639 Sanctus“,

1028 654 1088 678 nos
1113 644 1218 677 laetos
1247 643 1440 686 suscipiant,

930 692 1102 733 Alliciant‚

931 741 970 773 In
986 749 1100 773 aevum
1112 741 1169 773 ubi
1184 741 1290 772 trinus
1319 736 1369 784 (et
1382 737 1479 783 unus)

1026 792 1143 829 regnat
1167 789 1256 821 orbis
1278 789 1468 829 plasmator.

207 856 296 884 Miss.
311 865 368 884 ms.
381 858 485 885 incert.
501 856 610 892 origin.
629 856 701 883 anni
718 852 802 883 1363.
836 854 907 883 God.
918 855 1037 883 Musaei
1046 855 1149 891 Hung.
1163 855 1313 883 Pestinen.
1331 852 1377 882 91.
1393 854 1427 882 A.
1442 871 1477 875 —-

127 897 214 924 Miss.
241 896 396 923 Misnense
432 897 503 931 imp.
529 894 654 931 Lipsiae
682 891 767 922 1510.
793 895 828 922 Β,
854 908 892 912 —
920 893 972 927 1a,
995 891 1013 920 2

1043 902 1180 930 pugnans
1209 895 1242 922 B.
1262 909 1300 913 —
1320 891 1374 927 2b.
1398 891 1412 920 1
1435 902 1478 930 sq.

129 935 276 963 scandens
296 935 374 962 mari
393 934 428 962 B.
449 948 487 953 -—
519 932 572 968 2b,
586 931 606 960 2
626 941 669 970 sq.
684 932 766 960 dulci
778 932 839 960 lari
852 932 885 960 B.
905 947 942 951 ——
955 929 1008 966 3a,
1023 930 1042 960 3
1057 935 1162 968 petens
1176 932 1211 960 A.
1225 948 1264 952 —-
1279 930 1331 966 3a,
1346 931 1364 960 5
1378 933 1482 960 decem

129 975 175 1002 ibi
198 971 233 1001 B.
255 988 293 992 —-
312 971 366 1007 4b,
390 970 404 1001 1
435 981 478 1009 sq.
500 972 575 1000 fehlt
597 971 632 1003 A,
653 971 722 999 weil
743 970 790 999 die
811 971 866 999 Hs.
883 969 1062 1008 beschadigt
1074 973 1123 999 ist.
1138 988 1177 992 —
1191 970 1245 1006 5³„
1261 968 1280 999 8
1294 972 1480 999 lacesserunt

132 1013 158 1040 B
172 1010 386 1048 (Korrekturi).
405 1026 442 1030 —
455 1010 505 1046 5a,
520 1009 555 1039 11
571 1011 631 1046 Qui
643 1011 709 1047 pati
720 1010 756 1038 A.
768 1026 805 1030 —
816 1008 871 1044 51),
883 1008 900 1038 5
916 1012 947 1038 et
960 1018 992 1038 se
1012 1012 1091 1038 tem's
1105 1010 1140 1038 B.
1176 1024 1190 1028 ⁴
1201 1009 1256 1047 51),
1270 1007 1288 1038 8
1301 1011 1382 1046 regis
1394 1009 1430 1037 A.
1443 1025 1481 1030 ——

132 1050 182 1086 6a,
208 1049 222 1078 1
248 1051 306 1079 Die
333 1054 411 1078 erste
433 1050 519 1079 silbe
538 1058 599 1077 von
618 1049 760 1086 Plangite
778 1048 854 1077 fehlt
873 1050 908 1076 A.
939 1064 968 1068 —
1010 1057 1036 1083 a,
1058 1047 1078 1076 4
1092 1050 1257 1077 recolentes
1273 1051 1309 1077 A.
1324 1063 1359 1068 -—
1376 1047 1426 1082 6a,
1442 1046 1479 1077 20

131 1090 236 1118 florem
256 1089 292 1116 A.
313 1102 351 1106 --
373 1087 427 1122 eb,
445 1086 480 1117 16
501 1089 620 1117 laniant
642 1086 845 1124 (Korrekturi)
863 1088 899 1115 B.
921 1102 958 1106 —
980 1086 1032 1122 fib,
1048 1086 1083 1115 17
1105 1087 1239 1116 Incitant
1257 1088 1293 1116 A.
1313 1102 1353 1107 -—
1373 1086 1426 1121 ssb,
1442 1085 1480 1116 19

132 1130 170 1157 ab
192 1129 291 1166 aegris
312 1128 433 1164 fugiunt
452 1129 585 1156 fomenta
611 1127 672 1155 AB.
694 1141 734 1146 —
754 1125 805 1161 Ta,
820 1124 838 1154 2
858 1127 1052 1163 Imperatoris
1074 1127 1108 1154 B.
1146 1143 1168 1147 —
1193 1125 1245 1162 7b,
1267 1124 1285 1154 8
1306 1128 1426 1154 cessant
1445 1127 1479 1155 B.

602 1220 660 1253 113.
694 1221 739 1252 De
760 1221 869 1253 sancto
890 1219 1015 1253 Alexio.

151 1296 167 1328 1
180 1304 210 1329 a.
236 1294 318 1327 Mun
323 1290 505 1334 di⁵pompae
513 1296 782 1334 contemptorem,

237 1343 345 1376 Verae
372 1343 477 1375 doxae
506 1341 697 1374 dilectorem

286 1391 472 1424 Laudemus
500 1391 665 1431 Alexim,

146 1471 167 1502 2
182 1479 212 1503 a.
239 1469 305 1502 Hic
329 1478 456 1511 pauper
482 1468 696 1509 voluntarius,

239 1520 334 1560 Quod
351 1518 472 1551 bonum
492 1526 578 1550 nunc
598 1519 649 1549 est
665 1517 783 1555 rarius,

289 1568 367 1600 Fuit
393 1567 428 1599 111
455 1566 579 1600 divitiis
591 1578 600 1608 3

150 1647 171 1679 3
184 1653 214 1677 a.
239 1644 326 1677 Esse
353 1644 442 1677 domi
466 1652 607 1684 sponsae
631 1643 761 1675 iunctus

239 1693 352 1726 Potuit
378 1696 410 1725 et
435 1693 521 1725 iuste
545 1690 677 1724 functus

289 1741 390 1774 Sacro
416 1740 642 1780 matrimonio;

152 1822 215 1853 4a.
243 1820 409 1859 Spernens
436 1818 535 1852 noxia
558 1826 628 1850 cum
656 1817 754 1850 Saulo

241 1869 342 1902 Vovit
365 1868 458 1900 licita
484 1876 557 1899 cum
585 1867 689 1901 Paulo

293 1916 447 1951 Studiose
472 1925 639 1957 quaerere.

156 1999 216 2030 5a.
243 1994 341 2028 Hunc
365 1998 504 2035 uterque
529 2003 650 2036 parens
667 1994 789 2035 plorat,

243 2044 289 2077 Et
312 2044 502 2076 medullitus
528 2044 685 2084 implorat

291 2092 359 2125 Pro
386 2093 492 2126 salute
517 2091 599 2136 filii3

159 2174 219 2206 62.
247 2171 428 2212 Degentem
457 2179 528 2202 cum
554 2170 756 2212 pauperibus

247 2221 403 2254 Orantem
430 2222 464 2251 et
488 2217 693 2260 frequentius

295 2268 418 2301 Mentis
444 2267 530 2302 flexo
555 2268 682 2309 poplite

163 2348 223 2379 7a.
251 2345 363 2379 Virum
391 2349 499 2380 custos
525 2356 589 2379 non
616 2346 745 2379 sinebat

249 2394 347 2427 Hunc
373 2404 477 2435 orare,
507 2395 583 2428 dum
609 2395 751 2437 volebat,

299 2442 436 2485 Semper
458 2445 495 2480 in
521 2445 679 2486 ecclesia3

854 1294 915 1326 ib.

854 1468 917 1501 2b.

854 1643 917 1677 3b.

856 1818 916 1852 4b.

858 1995 917 2028 5b.

861 2171 928 2204 6b.

863 2347 922 2382 7b,

944 1293 1152 1334 Paupertatis
1175 1296 1363 1336 amatorem,

944 1341 1111 1374 Castitatis
1137 1344 1336 1374 servatorem

990 1390 1123 1422 Penitus
1147 1390 1325 1422 innoxium.

945 1468 1011 1501 Sed
1036 1466 1165 1500 Christo
1192 1465 1263 1499 fore
1289 1471 1395 1499 carius

941 1517 981 1550 In
1006 1516 1118 1548 multis
1145 1515 1326 1548 evidentius

990 1566 1104 1598 Patuit
1127 1563 1299 1605 prodigiiS.

944 1642 1044 1675 Sacro
1072 1640 1202 1675 flamine
1224 1645 1401 1682 perunctus

942 1691 1037 1723 Hanc
1050 1691 1194 1734 reliquit,
1209 1699 1334 1731 pauper
1350 1694 1484 1724 cunctus

994 1739 1112 1781 Spreto
1138 1739 1345 1779 patrimonio.

943 1818 1068 1851 Navem
1095 1816 1226 1850 scandit
1252 1818 1327 1850 dato
1355 1817 1462 1859 naulo,

944 1867 992 1900 Ut
1014 1867 1064 1899 sic
1079 1868 1203 1899 terram
1226 1869 1373 1899 sanctam
1388 1867 1487 1907 paulo

993 1915 1109 1948 Posset
1131 1917 1208 1955 post
1232 1915 1385 1948 invisere.

945 1994 1065 2027 Sancta
1090 2002 1212 2034 sponsa
1238 2002 1310 2025 cum
1331 1993 1382 2026 his
1401 1996 1484 2036 orat,

947 2043 1045 2077 Cuius
1071 2045 1212 2074 mentem
1241 2042 1334 2075 dolor
1360 2041 1449 2075 forat

998 2091 1151 2132 Coniugis
1177 2091 1296 2125 exsilii.

958 2171 1019 2203 Per
1045 2179 1187 2203 novenos
1213 2179 1277 2202 uno
1303 2170 1409 2202 minus

949 2220 1062 2252 Annos
1087 2219 1175 2252 hunc
1198 2218 1341 2252 Edissae
1365 2219 1456 2251 sinus

997 2267 1105 2310 Fovit,
1132 2268 1224 2300 urbis
1251 2267 1375 2308 Syriae.

951 2346 1024 2389 Qui,
1053 2346 1131 2380 dum
1152 2346 1260 2378 laesus
1286 2346 1334 2378 sic
1351 2344 1491 2387 tacebat,

951 2396 1048 2429 Illum
1074 2395 1176 2427 semel
1201 2394 1360 2436 arguebat

998 2444 1146 2484 Virginis
1167 2444 1287 2477 iconia.
