1656 2690
215 463 276 494 2a.

216 637 276 669 3a.

214 762 278 794 4a.

214 887 273 919 5a.

214 1061 273 1093 6a.

213 1236 273 1268 7a.

211 1410 272 1443 8a.

211 1635 271 1667 9a.

187 1810 232 1843 10
242 1819 272 1842 a.

186 2036 226 2069 11
242 2045 271 2068 a.

184 2262 228 2295 12
239 2272 269 2295 a.

728 124 988 160 -207-

613 266 680 299 235.
710 267 755 299 De
776 269 884 300 sancto
906 266 1090 300 Laurentio.

670 339 702 372 1.
729 339 819 372 Almi
843 340 997 379 martyris

726 387 901 429 rogitemus
926 389 1041 421 merita

302 462 469 508 Laurenti,
500 462 630 497 Christo
656 465 734 506 cari,

304 511 416 544 mundi
442 513 496 553 qui
520 513 647 553 sprevit

302 568 459 602 praemia,

305 637 464 670 Parvulus
489 638 582 670 annis

303 684 365 717 Dei
392 686 536 726 gaudens
564 687 679 718 semita

305 762 471 794 Romanae
496 763 585 795 sedis
611 763 730 795 levitae

305 810 424 842 claruit
447 811 508 843 sub
533 809 648 854 infula,

301 886 366 919 Hic
390 888 528 927 populos

302 935 455 975 provehit
481 936 611 970 Christo
637 936 748 979 plures

301 984 517 1017 sanctimonia
526 996 535 1025 3

303 1061 399 1094 Hunc
425 1061 541 1094 dilexit
566 1061 676 1094 Sixtus

300 1108 449 1149 pontifex

302 1160 410 1190 mente
434 1159 568 1201 intima3

301 1235 485 1276 Exspirans
514 1234 643 1269 Christo
670 1237 809 1269 animam

300 1283 478 1317 Laurentio
505 1287 674 1325 gratanter

302 1332 462 1365 commisit
487 1333 668 1374 pecuniam.

301 1410 428 1450 Quanta
452 1409 576 1452 gloria!

298 1459 446 1500 Iniquum
474 1459 587 1490 ducem

300 1508 449 1541 delusisti

300 1556 500 1598 perpulchra
524 1555 697 1590 industria.

301 1632 457 1667 Carnifex
480 1642 578 1674 asper

299 1682 445 1715 membra
468 1682 590 1714 levitae

300 1733 422 1763 tractat
446 1729 627 1772 flammula3

299 1811 351 1843 Tu
376 1812 530 1851 perustus

297 1859 332 1891 in
358 1861 448 1891 crate
473 1856 554 1890 ferri

296 1911 330 1939 te
354 1908 461 1949 ipsum

298 1956 427 1990 donasti
454 1954 595 1996 cibaria3

299 2034 494 2067 Nostrorum
519 2042 578 2066 nos
606 2040 682 2065 erue

295 2082 432 2123 orande,
457 2081 627 2123 Laurenti,

297 2131 479 2165 facinorum

296 2181 505 2223 aegrimonia,

297 2261 376 2293 Tuis
402 2259 556 2300 precibus

296 2313 500 2342 conteramus
526 2307 613 2340 hunc
637 2308 773 2349 hostem,

297 2359 351 2400 qui
376 2367 436 2391 nos
459 2357 576 2390 iaculis
603 2356 750 2390 confodit

295 2407 417 2448 delicti,

294 2456 410 2497 quibus
437 2456 570 2497 languet
595 2456 713 2487 anima.

917 465 976 499 ab.

915 638 974 672 3b.

914 762 975 797 4b.

915 888 972 922 51).

912 1062 970 1096 6b.

910 1236 968 1270 7b.

913 1410 970 1444 8b.

912 1634 971 1668 eb.

887 1809 973 1843 lob.

887 2033 970 2068 1110.

886 2258 970 2293 12b.

1005 465 1144 498 Sortitus
1170 465 1237 507 poli
1264 466 1353 498 clara

1001 514 1148 555 possidet
1173 515 1260 547 unde

1001 563 1121 595 sidera.

1000 639 1080 671 Eius
1108 639 1218 671 divina

1001 686 1105 719 tenuit
1129 687 1276 727 vestigia.

1004 763 1102 804 Signo
1129 764 1235 796 crucis
1261 765 1365 797 caecis
1390 765 1453 797 iste

1002 813 1200 845 restauravit
1224 812 1356 846 lumina.

999 888 1172 929 Hippolyti

1000 937 1054 969 hic
1077 945 1218 969 errorem
1246 938 1345 969 vertit
1370 938 1411 970 ad

1000 986 1127 1025 palmae
1154 985 1299 1026 gloriam.

998 1062 1063 1094 Hic
1087 1062 1217 1095 sublata
1242 1061 1366 1096 fraudis

999 1111 1110 1151 paruit

999 1159 1049 1191 illi
1074 1160 1213 1192 macula.

997 1237 1057 1277 Tu,
1076 1236 1176 1279 Deus,
1193 1237 1276 1270 haec
1294 1237 1515 1280 congregaris,

1000 1287 1046 1326 tu,
1073 1284 1239 1329 Laurenti,
1267 1294 1446 1326 pauperum

1001 1334 1178 1366 consolaris
1205 1335 1343 1374 agmina.

998 1411 1096 1444 Cuius
1122 1411 1247 1443 rabiem

1001 1458 1144 1492 confixus
1172 1459 1300 1492 Christo

998 1508 1160 1548 superasti

999 1557 1082 1589 mira
1108 1565 1179 1588 cum
1205 1556 1351 1589 victoria.

1001 1634 1126 1667 Chorus
1153 1634 1299 1666 excelsus

998 1685 1143 1715 sanctam
1169 1682 1309 1723 benigne

998 1730 1088 1764 fovet
1112 1732 1261 1763 animam.

998 1809 1097 1842 Nunc
1120 1809 1287 1842 exsultans

998 1858 1143 1900 pasceris
1170 1857 1293 1893 Christi

998 1906 1103 1947 epulis

999 1964 1098 1997 super
1122 1956 1190 1988 alta
1215 1955 1335 1987 sidera.

998 2033 1066 2073 Quo
1093 2036 1199 2065 tecum
1225 2041 1407 2065 mereamur

999 2081 1129 2115 Christo
1153 2082 1296 2114 iucunde

998 2131 1152 2164 exhibere

996 2179 1217 2213 famulamina.

998 2259 1048 2291 Tu
1072 2268 1131 2291 nos
1157 2258 1261 2291 socios

995 2308 1059 2341 tuis
1085 2308 1190 2340 redde
1217 2306 1342 2339 civibus

996 2359 1094 2398 atque
1118 2355 1206 2389 refer
1232 2355 1421 2396 angelorum

997 2405 1116 2447 gaudia

995 2454 1029 2486 in
1054 2455 1127 2487 luce
1152 2456 1322 2497 perpetua,
