1656 2690
685 137 947 171 —220—

184 236 203 267 7
210 245 240 267 a.
270 234 407 267 Cessant
421 234 486 265 iam
502 234 645 265 lamenta
658 235 783 273 cuncta,
860 234 920 267 Tb,
944 235 969 267 Ο
996 243 1091 274 quam
1116 231 1325 273 privilegiata

273 282 392 315 Curiae
414 281 547 313 caelesti
571 282 683 314 iuncta
946 281 1063 326 Caelis,
1088 282 1186 313 terris
1210 279 1250 313 fit
1273 279 1381 318 beata,

320 330 382 362 His
407 329 587 361 succedunt
609 330 762 362 carmina.
997 329 1150 362 Gaudens
1174 329 1260 361 inter
1285 326 1431 368 agmina!

185 387 243 420 Sa.
270 387 452 420 Suscitatur
477 387 570 419 huius
595 396 693 427 prece
859 387 918 419 sb.
945 387 1078 419 Partem
1102 387 1256 427 optimam
1282 386 1380 426 elegit

271 435 414 468 Lazarus
441 435 557 467 diurna
580 444 677 475 nece3
946 435 992 466 Et
1017 445 1056 467 ex
1082 443 1138 467 ore
1165 434 1287 467 Christi
1311 434 1400 474 legit,

322 483 424 524 Quam
448 492 565 523 magna
591 484 741 516 dilectio!
997 483 1085 522 Quae
1101 485 1177 514 sunt
1195 482 1293 523 digna
1306 482 1464 522 praemio.

185 542 240 575 9a.
268 540 324 574 Fit
349 541 543 582 praenuntia
566 542 726 582 surgentis
862 539 922 573 91).
949 540 1177 572 Paenitentiae
1202 540 1384 580 exemplum

269 590 315 622 Et
339 589 487 631 apostola
512 589 708 630 scandentis,
948 588 1017 620 Iam
1028 587 1167 620 caeleste
1177 588 1307 620 scandit
1317 588 1484 628 templum,

317 638 416 672 Unde
439 637 531 670 Iesus
555 641 701 671 venerat.
997 636 1061 668 Hic
1083 634 1233 668 Christus
1256 639 1453 670 remunerat.

160 696 240 730 lOa.
270 698 295 730 O
321 696 429 729 Maria
455 696 663 737 Magdalena,
837 696 880 728 10
891 695 921 730 b.
951 695 993 727 Et
1018 695 1147 735 placato
1174 694 1267 727 nobis
1293 695 1422 728 Christo

272 745 353 786 Spes
378 753 517 786 reorum,
545 745 638 777 donis
662 746 771 787 plena,
946 743 1070 776 Mundo
1095 746 1270 784 protegens
1295 753 1354 775 nos
1378 744 1442 776 isto

318 793 458 831 Laudes,
487 802 601 833 preces
626 794 747 835 accipe,
996 791 1131 823 Demum
1158 791 1200 823 ad
1226 794 1259 823 te
1283 792 1422 832 suscipe.

227 850 376 878 Graduale
396 858 450 876 ms.
469 850 851 878 Franciscano-Romanum
877 857 954 877 saec.
977 847 1021 876 14.
1064 847 1134 875 Cod.
1153 848 1279 876 Roman.
1300 849 1358 877 XX
1378 847 1483 884 (Varia

148 887 224 923 290).
248 903 283 907 —
304 889 363 916 Mit
382 888 522 916 Melodie.

602 982 672 1013 252.
698 982 741 1013 De
760 982 874 1013 saneta
894 981 1028 1013 Martha.

160 1049 218 1081 la.
244 1049 323 1081 Dies
350 1052 399 1081 est
423 1048 576 1088 laetitiae,
855 1049 913 1082 lb.
942 1048 1046 1081 Cedat
1069 1051 1182 1087 torpor
1206 1048 1371 1088 mentium,

248 1097 374 1138 Pangat
398 1097 466 1137 regi
493 1097 616 1137 gloriae
942 1096 1061 1138 Surgat
1081 1105 1145 1127 vox
1168 1096 1387 1139 psallentium,

249 1145 353 1177 Dulce
377 1145 478 1177 melos
503 1145 601 1178 hodie
942 1144 1135 1177 Cunctorum
1160 1145 1371 1177 maerentium

293 1194 414 1226 Noster
439 1196 559 1226 coetus.
991 1193 1102 1226 Cesset
1124 1190 1230 1226 fletus.

157 1253 215 1284 2a.
245 1251 396 1283 Gaudeat
421 1251 567 1291 ecclesia,
852 1251 911 1286 ab.
938 1251 1034 1284 Clara
1058 1250 1162 1291 stirpe
1185 1250 1304 1291 genita,

245 1300 273 1331 A
301 1309 364 1339 qua
389 1298 466 1331 Sion
493 1298 570 1340 filia,
939 1299 1024 1332 Cara
1050 1298 1172 1331 Christi
1197 1298 1336 1343 hospita,

244 1347 379 1379 Martha
405 1346 446 1378 de
470 1347 629 1379 Bethania
942 1347 1055 1380 Carnis
1081 1346 1180 1379 solvit
1206 1346 1316 1379 debita

293 1395 448 1433 Oriunda,
987 1393 1210 1428 Laetabunda.

158 1454 214 1486 3a.
241 1453 280 1484 In
306 1454 467 1485 caelorum
493 1452 575 1484 solio
853 1453 911 1487 3b.
938 1454 976 1486 In
1001 1453 1098 1484 terris
1123 1451 1264 1492 hospitio

244 1500 369 1533 Fruens
395 1500 510 1540 grandi
535 1500 659 1544 bravio,
937 1502 1078 1534 Pascens
1105 1503 1137 1532 et
1163 1500 1205 1532 de
1226 1502 1360 1542 proprio

243 1549 358 1582 Iuncta
382 1547 446 1581 Dei
470 1547 550 1589 filio,
937 1549 1099 1581 Tribuens
1126 1557 1196 1580 cum
1223 1550 1340 1589 gaudio

293 1598 392 1638 Quem
415 1596 545 1639 amavit,
983 1597 1197 1630 Ministravit.

154 1657 212 1688 4a.
240 1655 332 1687 Haec
356 1663 498 1688 sororem
525 1655 630 1686 noluit
849 1655 908 1689 4b.
935 1655 1032 1689 Vitae
1054 1663 1124 1687 mos
1149 1655 1315 1688 theoricae

245 1704 379 1745 Vacare‚
406 1703 464 1735 sed
490 1703 594 1735 voluit
938 1704 1043 1736 Datur
1066 1703 1117 1736 his
1144 1706 1177 1735 et
1200 1705 1366 1744 practicae

242 1752 370 1794 Eidem,
395 1760 489 1792 quem
515 1751 624 1792 coluit,
938 1752 1110 1785 Sororibus
1135 1752 1273 1792 mystice

290 1800 461 1832 Ancillari.
983 1801 1168 1842 Designari.

154 1859 210 1893 5a.
237 1859 293 1891 Ad
320 1859 484 1892 Christum
509 1858 676 1898 provectio
850 1859 909 1894 5b.
935 1859 1082 1892 Adiuvet
1104 1868 1164 1890 nos
1190 1862 1347 1901 sternere,

242 1907 345 1939 Nobis
372 1909 404 1939 et
428 1907 589 1946 protectio
935 1908 1027 1940 Vana
1050 1907 1163 1939 mundi
1186 1916 1343 1947 spernere

242 1955 346 1987 Huius
372 1955 416 1988 sit
440 1955 581 1995 dilectio,
935 1955 981 1987 Et
1004 1959 1081 1996 post
1104 1958 1240 1987 mortem
1268 1965 1411 1999 cernere,

289 2005 389 2045 Quam
412 2003 592 2036 laudamus.
984 2003 1077 2043 Quod
1101 2012 1281 2043 speramus.

224 2061 313 2089 Grad.
334 2070 388 2089 ms.
402 2061 660 2097 Nurembergense
680 2068 758 2088 saec.
781 2057 826 2086 15.
862 2059 932 2088 Cod.
949 2060 1012 2089 Civ.
1027 2061 1260 2098 Nurembergen.
1280 2063 1329 2091 111
1350 2061 1420 2093 1512.
1441 2080 1481 2084 —

142 2099 227 2127 Mel.:
247 2100 387 2128 Mariae
408 2101 614 2135 praeconio.

588 2193 656 2225 253.
686 2194 731 2225 De
752 2194 859 2224 sancto
880 2192 1031 2226 Martino.

153 2259 210 2292 ia.
236 2259 374 2292 Martini
399 2259 543 2300 psallere
852 2261 910 2294 lb.
937 2261 1118 2294 Psallamus
1142 2262 1240 2294 hodie

286 2308 386 2342 Festo
412 2317 483 2340 cum
507 2308 625 2349 gaudio
984 2309 1122 2342 Decoris
1148 2310 1291 2355 vocibus,

237 2357 343 2390 Decet
367 2360 400 2390 et
425 2365 542 2389 canere
939 2359 1096 2392 Ganamus
1121 2359 1277 2398 propriae

287 2406 365 2450 Nos,
393 2408 430 2438 ut
454 2405 494 2437 ab
519 2405 620 2446 impio
988 2407 1067 2440 Cum
1092 2407 1210 2439 mentis
1234 2409 1399 2455 precibus,

336 2455 490 2497 Tyranno
516 2458 618 2489 eruat.
1034 2455 1082 2490 Ut
1106 2454 1170 2487 ista
1193 2456 1325 2492 adnuat.
