1656 2690
706 137 944 174 —97-

613 251 676 283 103.
707 252 752 284 De
773 252 882 285 sancto
902 253 1048 295 Aegidio.

169 332 229 365 la.
259 331 334 373 Ore,
363 333 471 376 corde,
499 341 597 365 manu
622 342 734 375 puruS‚
876 334 935 368 lb.
963 335 1046 368 Sunt
1069 335 1158 368 beati
1184 333 1379 367 confessoris

257 379 308 413 De
332 381 484 413 mercede
505 382 568 414 iam
597 390 729 414 securus
958 384 1102 425 Aegfflii,
1130 384 1269 416 oratoris

257 428 382 462 Psallat
408 430 525 462 chorus
547 434 671 471 noster,
690 440 801 463 murus
956 433 1039 466 Veri
1064 431 1127 465 Dei
1153 434 1186 463 et
1212 432 1357 475 cultoris,

305 478 417 510 Fortis
444 481 558 511 contra
582 478 673 511 vitia.
1005 480 1115 513 Hodie
1140 480 1321 514 sollemnia.

169 567 228 599 2a.
257 563 404 597 Graecus
431 564 495 598 fuit
518 565 659 609 natione,
870 567 930 600 2b.
958 566 1044 599 Vere
1071 566 1168 599 debet
1192 567 1343 599 venerari

258 612 419 647 Constans
443 615 479 646 in
504 614 660 655 oratione,
956 615 1024 647 Iste
1050 616 1181 647 sanctus
1209 617 1242 646 et
1267 615 1380 658 amari,

255 661 359 694 Facto
384 663 517 702 placens
543 665 576 694 et
600 671 758 705 sermone,
956 663 1015 702 Qui
1043 664 1180 696 virtutes
1206 664 1338 704 operari

305 710 427 743 Plenus
453 711 516 743 Dei
541 711 657 750 gratia.
1005 711 1121 752 Coepit
1145 711 1186 743 ab
1213 710 1363 746 infantia.

166 799 227 832 3a.
255 797 342 830 Puer
368 800 449 840 erat,
476 801 599 830 vestem
626 798 718 830 dedit
868 798 927 832 ab.
954 798 1055 831 Fides
1083 798 1151 830 eius
1177 798 1248 830 Deo
1271 801 1375 840 grata,

261 845 371 887 Aegro
397 847 538 888 cuidam,
565 846 652 878 salus
678 847 775 890 redit,
957 847 1025 886 Quo
1052 845 1191 885 volebat,
1218 846 1294 878 tulit
1321 847 1398 879 data

258 894 332 927 Hac
356 897 493 935 accepta
518 894 650 928 morbus
677 896 765 928 cedit
955 895 1025 928 Sibi
1052 905 1071 927 a
1096 903 1184 935 papa
1210 895 1315 927 celata

306 943 387 976 Cum
413 944 499 976 omni
524 943 683 978 molestia.
1005 942 1202 984 Cupressina
1228 944 1322 976 ostia.

171 1033 232 1064 4a.
255 1031 380 1064 Multos
405 1040 520 1071 aegros
545 1030 708 1072 liberavit,
865 1031 926 1065 4b.
955 1031 1048 1064 Grotis
1076 1031 1156 1064 dans
1182 1031 1392 1071 hilaritatem,

255 1078 492 1112 Daemoniacos
519 1079 656 1119 curavit,
956 1080 1138 1114 Removens
1165 1080 1372 1112 sterilitatem

255 1127 421 1160 Mortuum
448 1127 657 1160 resuscitavit
955 1128 1081 1161 Terrae
1107 1127 1201 1160 dedit
1224 1127 1406 1160 ubertatem

304 1175 426 1208 Divina
450 1175 608 1216 potentia.
1004 1176 1069 1210 Sua
1094 1184 1154 1219 per
1179 1175 1342 1218 suffragia.

169 1265 226 1296 5a.
256 1263 426 1303 Quoddam
454 1263 570 1296 Karoli
596 1266 777 1307 peccatum,
867 1264 927 1298 5b.
954 1264 1047 1296 Haec
1073 1268 1106 1297 et
1129 1264 1226 1304 plura
1246 1265 1330 1297 mira
1355 1265 1445 1299 facta

254 1311 353 1352 Regis
379 1311 550 1356 Franciae,
579 1311 716 1345 celatum
955 1313 1037 1345 Sunt
1061 1322 1120 1353 per
1146 1321 1215 1344 eum
1244 1313 1320 1345 olim
1347 1316 1430 1354 acta,

256 1359 319 1393 Est
343 1360 419 1392 huic
444 1364 556 1393 sancto
583 1361 761 1393 revelatum
956 1361 1043 1400 Quae
1065 1362 1099 1394 in
1117 1361 1250 1401 scriptis
1270 1365 1346 1394 sunt
1362 1362 1499 1394 redacta

302 1409 422 1450 Angeli
447 1409 645 1450 praesentia.
1004 1411 1067 1442 Pro
1094 1409 1198 1449 ipsius
1224 1410 1338 1450 gloria.

169 1499 230 1532 6a.
257 1495 354 1529 Nunc
379 1497 413 1528 in
439 1497 538 1529 caelis
566 1499 737 1529 coronatus
867 1497 925 1532 6b.
954 1497 1022 1530 Nos
1050 1497 1168 1531 exaudi
1195 1498 1419 1539 supplicantes

257 1544 361 1578 Nobis
388 1549 436 1577 est
462 1546 594 1578 adiutor
619 1546 724 1589 datus,
952 1547 992 1579 In
1017 1547 1080 1579 hoc
1107 1544 1189 1578 festo
1216 1549 1250 1578 te
1274 1547 1459 1590 laudantes,

255 1593 339 1627 Nam
365 1594 500 1627 exaudit
522 1595 692 1627 invocatus
952 1595 1011 1628 Pie
1036 1598 1142 1635 pater,
1169 1598 1202 1626 et
1227 1595 1388 1628 laetantes

306 1642 409 1675 Grrata
436 1643 517 1676 dans
544 1643 678 1677 auxilia.
1004 1644 1078 1676 Duc
1103 1644 1145 1676 ad
1174 1644 1255 1676 caeli
1282 1645 1412 1685 gaudia,

595 1731 626 1764 ’7.
654 1730 720 1764 Ubi
744 1733 851 1763 tecum
877 1731 1054 1771 gloriantes

655 1778 815 1812 Canamus
838 1779 994 1826 Alleluia.

234 1875 376 1911 Sequent.
407 1884 462 1903 ms.
490 1875 704 1912 Aquilegiense
734 1885 812 1905 saec.
838 1872 914 1904 14115.
964 1876 1035 1905 eod.
1062 1876 1173 1905 Semin.
1202 1876 1348 1905 Goritien.
1376 1876 1399 1906 Ι.
1444 1878 1504 1906 Mit

153 1914 294 1943 Melodie.
318 1929 356 1933 —
377 1911 429 1950 3a,
449 1912 467 1941 2
488 1915 570 1952 Ergo
594 1915 722 1943 cuidam.

602 2028 667 2061 104.
700 2030 745 2062 De
766 2030 880 2062 sancta
900 2030 1039 2071 Agatha.

557 2113 588 2146 1.
615 2113 689 2155 Eia,
718 2114 872 2155 organica
899 2114 1036 2158 cantica,

167 2194 226 2226 2a.
254 2191 455 2225 Harmonica
482 2193 598 2223 cuncta
623 2200 752 2233 genera,
865 2191 925 2225 21).
953 2192 1132 2225 Dulcisona
1158 2192 1311 2233 clangant
1336 2192 1481 2226 Alleluia

250 2240 444 2281 hydraulica
467 2241 592 2272 musica
954 2250 1014 2281 per
1043 2250 1145 2274 aeona
1162 2243 1322 2282 tempora.

164 2330 225 2362 3a.
252 2327 375 2361 Nostra
400 2329 545 2369 phalanx
572 2329 712 2369 parvula
867 2328 927 2363 3b.
954 2330 994 2362 In
1020 2339 1084 2371 qua
1109 2332 1224 2362 sancta
1250 2329 1382 2371 Agatha

250 2377 346 2410 simul
372 2380 471 2418 atque
495 2377 648 2422 iubilans‚
955 2387 1113 2419 spernens
1141 2381 1258 2411 cuncta
1282 2381 1393 2412 terrea

250 2426 303 2459 dic
327 2426 472 2459 Alleluia
954 2427 1042 2460 laeta
1067 2436 1210 2467 superna

249 2475 283 2507 in
309 2474 371 2506 hac
396 2475 534 2517 diecula,
956 2477 1101 2519 captavit
1125 2476 1283 2517 praemia.

210 2534 317 2558 Blume
324 2551 331 2562 ,
348 2534 501 2563 Sequentiae
518 2534 642 2559 Ineditae.
674 2535 705 2560 V.
1308 2533 1325 2561 ’7
