1656 2690
703 102 942 137 -54—

608 196 650 228 51.
680 195 717 226 In
736 194 915 227 Nativitate
935 193 1023 226 BHV.

540 256 572 291 1.
598 256 810 289 Exsultantes
834 255 1017 296 iubilemus,

597 304 778 338 Iubilantes
807 304 1014 336 decantemus

694 352 848 386 Alleluia.

187 426 248 457 2a.
275 421 388 455 Dulcis
413 422 476 454 lira
501 422 642 462 resonet,
883 418 946 453 2b.
973 417 1048 451 Non
1072 427 1135 450 vox
1161 417 1259 451 vitam
1284 416 1427 455 suffocet,

274 471 395 503 Dulces
421 478 516 502 sonos
541 468 677 509 intonet,
972 465 1036 498 Sed
1062 468 1198 507 utraque
1223 466 1361 498 collocet

325 518 502 551 Melodiam
530 516 673 549 modula.
1020 513 1063 546 Se
1087 514 1146 546 sub
1173 514 1270 546 laude
1294 513 1431 545 tinnula.

190 590 251 622 3a.
277 587 340 619 Illa
363 594 501 626 namque
526 584 624 617 maris
651 583 756 624 stella,
886 581 946 614 3b.
972 581 1069 614 Anna
1092 580 1184 620 prius
1209 579 1385 613 infecunda

278 635 367 674 Quae
392 638 442 666 est
466 636 570 666 mater
595 636 628 666 et
648 632 768 673 puella,
971 628 1198 662 Fecundarum
1212 638 1302 669 spem
1317 637 1356 661 ex
1368 629 1490 661 munda

327 682 437 715 Hodie
463 686 575 714 exorta
600 684 659 714 est.
1022 677 1143 710 Subole
1168 678 1289 717 adepta
1314 680 1372 709 est.

191 752 254 784 4a.
280 750 423 783 Ioachim
447 749 686 790 improperatus
881 745 940 779 4b.
968 746 1058 779 Fieri
1082 754 1118 777 se
1142 748 1268 786 patrem
1295 747 1415 786 gaudet

281 796 500 840 Oonfortatur,
528 797 676 830 visitatus
974 794 1188 834 Patribusque
1213 798 1311 834 pater
1337 795 1436 827 audet

324 846 377 879 Ab
404 846 518 887 angelo
544 845 688 888 caelitus»,
1021 841 1063 875 Se
1087 842 1221 883 iungere
1245 842 1384 883 penitus.

191 916 210 948 5
226 924 254 949 a.
283 914 308 947 Ο
335 912 415 946 felix
439 912 603 954 nativitas,
886 909 945 943 5b.
971 910 1098 950 Angelo
1122 910 1325 949 praemonita

278 963 347 1002 Qua
373 961 500 993 deletur
526 961 663 993 caecitas
973 958 1076 991 Nobis
1102 956 1169 989 fide
1193 958 1321 998 cognita

328 1009 554 1043 occumbentis
579 1008 710 1043 saeculi,
1023 1005 1229 1038 Gaudeamus
1255 1005 1383 1045 singuli.

192 1079 254 1111 Sa.
281 1078 351 1109 Iam
375 1078 495 1117 turget2
521 1075 663 1116 pullulat
886 1073 947 1106 ob.
972 1072 1107 1105 Iamiam
1132 1071 1199 1105 fert
1222 1073 1334 1105 lolium

281 1125 412 1164 Umerus,
439 1124 572 1162 baiulat,
974 1120 1120 1162 Ligustri
1144 1120 1270 1163 folium,

329 1172 473 1206 Generat
498 1171 678 1214 virgulam3
1023 1168 1177 1201 Tribulus
1203 1168 1407 1209 gemmulam⁴

194 1242 254 1275 7a.
281 1240 383 1282 Spina
407 1248 513 1272 rosam
539 1239 668 1279 exserit,
889 1236 948 1271 7b.
976 1237 1063 1270 Illud
1091 1245 1160 1268 esse
1187 1236 1319 1277 deserit,

281 1289 370 1321 Rosa
394 1288 521 1329 spinam
546 1287 686 1319 conterit
972 1285 1064 1324 Quod
1089 1288 1227 1317 naturae
1250 1286 1396 1326 suggerit

330 1336 451 1369 Divina
475 1336 590 1375 gratia.
1024 1333 1174 1373 Pungere
1198 1334 1317 1367 nescia.

198 1405 260 1437 82.
288 1404 391 1443 Spina
414 1411 560 1443 pungens
586 1404 619 1433 et
644 1401 785 1434 crudelis
889 1400 950 1435 eb.
975 1400 1065 1433 Rosa
1089 1409 1166 1433 vero
1192 1401 1352 1442 generalis

280 1451 343 1483 Est
366 1451 489 1483 Iudaea
513 1449 663 1490 infidelis,
977 1448 1041 1481 Illa
1064 1450 1155 1490 virgo
1182 1448 1345 1490 specialis,

332 1499 452 1532 Adhuc
475 1498 540 1539 legi
558 1498 700 1530 subdita.
1027 1496 1150 1530 Christi
1174 1500 1278 1530 mater
1301 1497 1426 1531 inclita.

199 1569 259 1601 9a.
285 1568 374 1607 Quae
398 1567 579 1607 procedens
604 1565 702 1598 hodie
894 1565 953 1600 9b.
982 1564 1184 1607 Synagogam
1211 1566 1374 1607 deserens,

285 1615 338 1647 De
362 1616 457 1655 spina
481 1614 640 1654 perfidiae
980 1613 1064 1646 Dira
1085 1614 1167 1654 legis
1194 1617 1364 1646 conterens

333 1664 467 1696 Transit
491 1664 534 1695 ad
558 1663 724 1701 iustitiam,
1029 1662 1169 1694 Reserat
1194 1662 1373 1695 ecclesiam.

173 1732 217 1765 10
230 1742 260 1764 a.
285 1732 367 1771 Ave,
397 1732 486 1773 virgo
511 1731 706 1771 praeelecta,
875 1730 956 1763 101).
984 1730 1087 1771 Virgo
1107 1734 1257 1763 constans
1275 1733 1351 1763 ante
1367 1733 1498 1771 partum

289 1780 496 1812 Peccatorum
522 1787 597 1820 spes
625 1779 754 1818 dilecta,
982 1777 1028 1811 Et
1053 1779 1085 1811 in
1112 1782 1208 1819 partu
1232 1782 1265 1810 et
1280 1782 1356 1819 post
1369 1782 1498 1819 partum

333 1828 491 1861 Fecunda
516 1831 628 1860 sancto
654 1826 784 1868 spiritu.
1031 1827 1128 1859 Salvo
1153 1827 1288 1867 pudoris
1312 1827 1436 1859 habitu.

178 1896 219 1929 11
233 1905 261 1928 a.
291 1895 393 1928 Stella
417 1895 515 1927 maris
543 1894 720 1935 appellaris
873 1894 958 1927 111).
985 1893 1099 1926 Nostri
1124 1903 1253 1936 semper
1278 1902 1400 1926 memor
1418 1897 1498 1935 esto,

287 1943 333 1976 Et
355 1944 467 1984 regina
492 1942 664 1983 singularis
984 1941 1087 1975 Laeta
1112 1951 1247 1982 quorum
1271 1943 1303 1975 in
1328 1942 1391 1975 hoc
1416 1941 1500 1975 festo

339 1992 437 2032 Caeli,
464 1993 574 2023 terrae
598 1989 736 2024 domina.
1033 1990 1108 2023 Tibi
1133 1991 1279 2031 psallunt
1304 1992 1441 2032 agmina.

180 2062 223 2094 12
236 2071 264 2093 a.
292 2059 389 2091 Actio
415 2067 494 2099 quos
519 2061 623 2101 urget,
874 2057 959 2091 121).
986 2057 1032 2090 Ut
1058 2059 1114 2100 pia
1138 2068 1198 2099 per
1223 2060 1341 2093 merita

336 2111 393 2139 tua
417 2116 475 2140 nos
492 2106 657 2138 miseratio
675 2108 803 2147 purget,
1034 2105 1206 2148 fungamur
1232 2107 1355 2140 caelibe
1380 2109 1459 2140 vita.

246 2184 335 2214 Grad.
361 2192 416 2212 ms.
443 2183 569 2211 Arnoldi
594 2191 671 2211 saec.
698 2180 734 2210 13
761 2184 804 2210 in.
850 2180 920 2211 cod.
951 2182 1045 2220 Capit.
1074 2184 1292 2220 Aquisgranen.
1313 2184 1381 2211 ΧΠ.
1409 2184 1443 2212 A.
1465 2199 1503 2203 —

167 2224 286 2252 Prosar.
307 2225 338 2251 et
357 2223 469 2258 Hymn.
489 2230 544 2249 ms.
566 2222 796 2250 Marchianense
816 2229 894 2250 saec.
917 2219 960 2249 15.
988 2221 1059 2249 C'od.
1080 2223 1213 2251 Duacen.
1237 2220 1300 2251 123.
1321 2223 1355 2250 Β.
1369 2220 1472 2259 —2b,
1485 2222 1502 2252 3

168 2263 258 2291 laude
286 2262 362 2290 fehlt
383 2262 418 2289 B.
446 2275 486 2281 —·-
512 2259 566 2295 4a,
590 2258 605 2287 1
627 2261 812 2297 improbatus
832 2261 868 2288 Β.
895 2276 933 2281 —
961 2259 1014 2294 52,
1035 2258 1053 2288 3
1079 2261 1260 2289 Aecubentis
1281 2262 1315 2290 Β.
1346 2278 1386 2282 -
1412 2260 1464 2299 722,
1485 2261 1503 2290 2

170 2302 294 2339 Spinam
321 2309 391 2330 rosa
410 2300 444 2327 B.
473 2314 512 2318 —
536 2299 589 2332 7b,
611 2296 630 2326 3
654 2299 759 2327 Pueris
787 2300 927 2336 gene-scia
945 2300 980 2327 A.
1010 2314 1046 2318 —
1075 2301 1139 2328 Vor
1160 2299 1217 2328 Str.
1239 2297 1258 2328 8
1277 2300 1394 2329 schiebt
1414 2302 1438 2330 ss
1460 2311 1504 2330 er-

169 2340 295 2369 kliirend
314 2341 378 2368 ein:
408 2337 615 2376 significative
631 2336 636 2373 Ι
652 2338 695 2365 Et
714 2338 893 2366 admirative
910 2339 916 2373 ι
932 2339 1017 2366 Haec
1036 2341 1108 2367 sunt
1125 2339 1215 2367 dieta,
1235 2355 1274 2359 ——
1293 2338 1347 2374 81³,
1368 2338 1387 2368 3
1406 2341 1505 2369 Mater

170 2380 281 2409 Christi
294 2379 328 2407 B.
349 2393 388 2398 ——
408 2377 461 2415 9a.,
478 2376 492 2406 1
514 2378 578 2406 Ave
598 2376 759 2413 procedens
773 2377 807 2405 B.
828 2392 867 2396 —
889 2374 957 2411 lla,
975 2376 988 2404 1
1011 2377 1174 2414 appellaris
1198 2378 1273 2406 fehlt
1285 2379 1319 2407 Β,
1341 2394 1380 2398 -
1402 2377 1472 2414 1213,
1489 2380 1504 2408 1
