1656 2690
724 120 962 155 —goff

190 221 250 253 aa.
278 220 384 260 Salve,
411 217 566 258 splendor
590 217 795 259 firmamenti,
881 217 946 251 2b.
972 217 1022 249 Tu
1048 217 1246 258 caliginosae
1272 215 1373 247 menti

329 268 440 308 Virgo,
465 268 580 306 mater,
606 264 696 308 filia3
1017 265 1168 306 Desuper
1193 264 1329 298 irradia.

195 336 255 368 3a.
282 335 384 366 Placa
408 341 507 375 mare,
534 333 633 364 maris
659 332 764 373 stella,
882 332 945 368 3b.
970 332 1020 364 Ne
1045 333 1191 366 involvat
1216 341 1274 364 nos
1300 331 1446 371 procella

325 381 443 414 Mortis
469 389 583 420 rumpe
608 381 701 421 retia,
1020 381 1079 412 Vel
1103 383 1279 421 tempestas
1305 379 1409 411 obvia.

189 451 248 482 4a.
276 449 325 481 Tu
350 457 409 481 nos
435 447 514 479 offer
538 451 613 479 tuae
637 447 734 488 proli,
882 448 948 483 41).
975 448 1061 480 Laus
1088 452 1119 480 ot
1144 449 1247 481 honor
1272 447 1342 479 Deo
1368 447 1445 487 soli,

327 496 490 529 Genitoris
514 494 592 530 filia..
1019 496 1079 535 Qui
1103 497 1263 538 gubernat
1288 495 1406 528 omnia.

179 602 212 629 Μ
229 602 241 630 1
256 565 373 630 {gosan
394 571 448 590 ms.
470 563 661 591 Francisoan.
682 570 758 590 saec.
779 559 857 592 ulis.
889 561 961 590 Cod.
982 562 1130 590 Parisien.
1153 561 1238 591 1339.
1260 576 1296 580 —
1317 562 1378 589 Mit
1394 563 1514 599 eigener

214 611 230 630 e
243 611 258 630 0
294 611 318 630 e.

628 686 676 717 82.
711 685 753 717 De
772 685 874 717 Beata
898 685 1002 717 Maria
1022 685 1059 716 V.

190 757 208 789 1
224 766 256 790 a.
282 758 320 790 In
346 765 498 797 suprema
522 756 707 789 hierarchia
889 757 949 791 lb.
976 755 1080 788 Decet
1105 757 1170 788 alte
1196 756 1403 789 sublimatam

326 804 496 838 Residenti
523 805 672 838 dominae
1020 804 1108 837 Altis
1136 805 1199 837 coli
1224 804 1368 845 vocibus,

282 853 493 886 Personemus
520 862 598 885 voce
623 854 678 894 pia
975 852 1060 884 Huic
1086 852 1203 885 offerre
1227 852 1358 885 laudem
1386 856 1513 894 gratam

330 901 504 934 Servitutis
529 902 669 936 nomine.
1023 900 1147 934 Studiis
1173 901 1352 934 velocibus.

191 970 252 1002 2a.
279 968 372 1001 Haeo
397 971 445 1000 est
469 968 529 1000 illa
554 968 727 1001 benedicta
886 969 951 1002 ab.
979 969 1076 1001 Velut
1101 969 1234 1009 gemmis
1262 971 1415 1000 coronata

326 1016 392 1049 Sub
418 1024 454 1047 se
478 1018 591 1048 tenens
618 1015 739 1048 femina
1022 1016 1079 1048 Bis
1105 1017 1191 1048 senis
1217 1016 1389 1054 sideribus,

281 1064 417 1104 Lunam,
446 1064 514 1096 sole
538 1064 749 1106 praeamiota,
976 1063 1107 1096 Cunctis
1135 1064 1281 1104 disparet
1305 1064 1454 1104 praelata

328 1112 417 1144 Luce
442 1112 569 1144 clarens
594 1112 732 1153 gemina,
1025 1112 1103 1145 Sola
1127 1111 1328 1145 mulieribus

194 1181 252 1213 3a.
281 1181 361 1220 Ave,
390 1179 494 1211 dulcis
520 1183 623 1212 mater
648 1179 721 1220 Dei,
889 1180 948 1214 3b.
976 1180 1014 1211 In
1039 1180 1209 1219 procinctu
1232 1179 1334 1219 lapsis
1361 1180 1434 1212 viae

330 1228 417 1261 Casti
442 1228 564 1260 candor
589 1228 661 1270 lilii,
1025 1227 1161 1259 Manum
1186 1227 1280 1261 nobis
1305 1229 1437 1269 porrige

279 1277 362 1319 Ave,
388 1279 519 1308 nostrae
544 1276 643 1309 robur
668 1277 738 1316 spei
973 1278 1033 1316 Ac,
1059 1285 1101 1307 ne
1127 1277 1303 1317 deviemuS‚
1330 1277 1386 1316 pie

329 1325 392 1356 Per
417 1324 535 1356 vallem
563 1326 678 1357 exsilii.
1021 1323 1158 1357 Gressus
1183 1328 1312 1357 nostros
1339 1326 1475 1366 corrige.

259 1389 348 1419 eri-ad.
368 1398 423 1417 ms.
444 1390 658 1427 Aquilegiense
675 1390 711 1426 (P)
731 1399 809 1419 saec.
830 1389 876 1419 15.
919 1389 992 1419 God.
1013 1390 1151 1427 Archiep.
1171 1391 1295 1420 Utinen.
1325 1391 1390 1419 Fol.
1411 1389 1459 1419 34.
1477 1406 1512 1411 -ι

183 1426 236 1463 31),
258 1426 276 1456 3
298 1429 460 1457 deviamus.

633 1514 680 1546 83.
717 1512 762 1545 De
781 1514 882 1546 Beata
901 1512 1003 1546 Maria
1026 1513 1060 1545 V.

218 1584 280 1618 la.
308 1584 464 1617 Laetetur
489 1593 567 1625 gens
594 1586 737 1628 credula,
889 1586 948 1619 lb.
976 1584 1102 1617 Pietate
1127 1586 1242 1618 sedula

354 1633 458 1666 Saltet
484 1642 554 1665 cum
579 1634 723 1676 tripudio
1026 1633 1170 1674 Virginis
1196 1634 1378 1675 praeludio.

215 1701 276 1733 ssa.
305 1701 392 1740 Quae
417 1701 487 1733 sine
514 1702 649 1743 collegio
889 1702 949 1736 2b.
974 1701 1078 1734 Roma
1104 1710 1175 1734 cum
1201 1703 1367 1744 Pompeio,

302 1749 376 1782 Tali
400 1750 571 1791 privilegio
974 1749 1077 1782 Simul
1103 1751 1207 1783 omnis
1233 1751 1322 1792 regio

350 1798 430 1830 Flos
456 1798 613 1838 produxit
637 1798 752 1831 lilium.
1023 1799 1137 1831 Placet
1160 1799 1259 1831 istum
1283 1798 1396 1834 filium.

218 1866 236 1898 3
250 1875 280 1898 a.
308 1866 450 1898 Matrem
474 1866 644 1899 laudemus
888 1867 948 1900 3b.
975 1866 1094 1898 Natum
1121 1866 1256 1907 virginis

350 1915 384 1946 in
410 1913 488 1956 filio,
1022 1915 1057 1946 in
1083 1915 1163 1949 lilio.

218 1982 279 2014 4a.
310 1981 452 2023 Virginis
480 1982 616 2014 eximiae
889 1983 950 2017 4b.
977 1982 1167 2014 Honestatis
1194 1983 1315 2015 nimiae

353 2029 511 2062 Sudemus
537 2030 714 2063 honoribus
1026 2029 1182 2071 Congruis
1209 2032 1385 2066 amoribus.

215 2098 233 2130 5
247 2106 276 2130 a.
303 2097 420 2140 Mater,
448 2095 552 2140 flecte,
885 2098 946 2133 51).
975 2097 1083 2139 Pater,
1112 2099 1212 2132 corda

356 2153 438 2185 quae
462 2148 538 2178 sunt
561 2146 686 2187 rigida3
1023 2147 1092 2179 cale
1117 2146 1250 2190 frigida.

218 2214 236 2246 6
249 2222 278 2246 a.
306 2213 331 2246 Ο
359 2212 440 2245 felix
464 2213 630 2255 nativitas,
887 2214 947 2248 6b.
974 2213 1195 2254 Supernorum
1220 2216 1347 2259 civitas,

353 2261 421 2294 Nos
449 2261 547 2294 ducas
572 2261 707 2303 vestigio
719 2271 727 2303 3
1026 2263 1113 2297 Cura
1137 2274 1196 2297 nos
1222 2266 1383 2307 prodigio,

218 2332 236 2363 7
250 2340 278 2364 a.
305 2331 401 2363 More
425 2330 525 2361 vestis
551 2330 671 2362 veteris
889 2331 948 2364 71).
974 2330 1131 2363 Ducimur
1156 2333 1296 2376 navigio,

305 2378 474 2411 Vermibus
501 2387 541 2410 ne
566 2379 682 2411 ceteris
974 2379 1024 2411 Tu
1049 2380 1093 2411 sis
1118 2380 1153 2412 in
1177 2382 1333 2423 remigi03

352 2427 520 2460 Rodamur
546 2429 577 2459 et
601 2427 701 2460 tinea.
1023 2429 1146 2469 Vulpes
1174 2433 1223 2462 est
1247 2430 1283 2463 in
1308 2432 1414 2466 vinea.
