<?xml version="1.0" encoding="UTF-8"?>
<!DOCTYPE html PUBLIC "-//W3C//DTD XHTML 1.0 Transitional//EN"
    "http://www.w3.org/TR/xhtml1/DTD/xhtml1-transitional.dtd">
<html xmlns="http://www.w3.org/1999/xhtml" xml:lang="en" lang="en">
 <head>
  <title>
</title>
<meta http-equiv="Content-Type" content="text/html;charset=utf-8" />
  <meta name='ocr-system' content='tesseract 3.04.00' />
  <meta name='ocr-capabilities' content='ocr_page ocr_carea ocr_par ocr_line ocrx_word'/>
</head>
<body>
  <div class='ocr_page' id='page_1' title='image "./analectahymnica37drevuoft_00081.png"; bbox 0 0 1656 2690; ppageno 0'>
   <div class='ocr_carea' id='block_1_1' title="bbox 156 290 213 321">
    <p class='ocr_par' dir='ltr' id='par_1_1' title="bbox 156 290 213 321">
     <span class='ocr_line' id='line_1_1' title="bbox 156 290 213 321; baseline -0.035 0"><span class='ocrx_word' id='word_1_1' title='bbox 156 290 213 321; x_wconf 83' lang='lat' dir='ltr'>la.</span> 
     </span>
    </p>
   </div>
   <div class='ocr_carea' id='block_1_2' title="bbox 151 558 211 591">
    <p class='ocr_par' dir='ltr' id='par_1_2' title="bbox 151 558 211 591">
     <span class='ocr_line' id='line_1_2' title="bbox 151 558 211 591; baseline 0.017 -2"><span class='ocrx_word' id='word_1_2' title='bbox 151 558 211 591; x_wconf 79' lang='lat' dir='ltr'>2a.</span> 
     </span>
    </p>
   </div>
   <div class='ocr_carea' id='block_1_3' title="bbox 157 827 217 859">
    <p class='ocr_par' dir='ltr' id='par_1_3' title="bbox 157 827 217 859">
     <span class='ocr_line' id='line_1_3' title="bbox 157 827 217 859; baseline 0 0"><span class='ocrx_word' id='word_1_3' title='bbox 157 827 217 859; x_wconf 84' lang='lat' dir='ltr'>3a.</span> 
     </span>
    </p>
   </div>
   <div class='ocr_carea' id='block_1_4' title="bbox 684 102 926 138">
    <p class='ocr_par' dir='ltr' id='par_1_4' title="bbox 684 102 926 138">
     <span class='ocr_line' id='line_1_4' title="bbox 684 102 926 138; baseline 0.004 -11"><span class='ocrx_word' id='word_1_4' title='bbox 684 102 926 138; x_wconf 69' lang='grc'>-78-</span> 
     </span>
    </p>
   </div>
   <div class='ocr_carea' id='block_1_5' title="bbox 596 205 1018 240">
    <p class='ocr_par' dir='ltr' id='par_1_5' title="bbox 596 205 1018 240">
     <span class='ocr_line' id='line_1_5' title="bbox 596 205 1018 240; baseline 0.002 -4"><span class='ocrx_word' id='word_1_5' title='bbox 596 205 642 237; x_wconf 88' lang='grc'>78.</span> <span class='ocrx_word' id='word_1_6' title='bbox 676 206 721 239; x_wconf 86' lang='lat' dir='ltr'>De</span> <span class='ocrx_word' id='word_1_7' title='bbox 741 206 842 238; x_wconf 69' lang='lat' dir='ltr'>Beata</span> <span class='ocrx_word' id='word_1_8' title='bbox 862 206 965 240; x_wconf 71' lang='lat' dir='ltr'>Maria</span> <span class='ocrx_word' id='word_1_9' title='bbox 982 206 1018 238; x_wconf 88' lang='lat' dir='ltr'>V.</span> 
     </span>
    </p>
   </div>
   <div class='ocr_carea' id='block_1_6' title="bbox 240 287 671 512">
    <p class='ocr_par' dir='ltr' id='par_1_6' title="bbox 240 287 671 472">
     <span class='ocr_line' id='line_1_6' title="bbox 242 287 671 331; baseline 0 -11"><span class='ocrx_word' id='word_1_10' title='bbox 242 287 446 320; x_wconf 83' lang='lat' dir='ltr'>Consolatrix</span> <span class='ocrx_word' id='word_1_11' title='bbox 472 296 671 331; x_wconf 76' lang='lat' dir='ltr'>pauperum3</span> 
     </span>
     <span class='ocr_line' id='line_1_7' title="bbox 243 335 666 378; baseline 0.002 -12"><span class='ocrx_word' id='word_1_12' title='bbox 243 335 327 375; x_wconf 83' lang='lat' dir='ltr'>Vita,</span> <span class='ocrx_word' id='word_1_13' title='bbox 355 343 429 376; x_wconf 88' lang='lat' dir='ltr'>spes</span> <span class='ocrx_word' id='word_1_14' title='bbox 457 335 666 378; x_wconf 84' lang='lat' dir='ltr'>credentium,</span> 
     </span>
     <span class='ocr_line' id='line_1_8' title="bbox 240 383 605 426; baseline 0.003 -12"><span class='ocrx_word' id='word_1_15' title='bbox 240 383 436 423; x_wconf 80' lang='lat' dir='ltr'>Angelorum</span> <span class='ocrx_word' id='word_1_16' title='bbox 467 383 605 426; x_wconf 85' lang='lat' dir='ltr'>domina,</span> 
     </span>
     <span class='ocr_line' id='line_1_9' title="bbox 241 430 573 472; baseline 0.006 -10"><span class='ocrx_word' id='word_1_17' title='bbox 241 430 419 463; x_wconf 81' lang='lat' dir='ltr'>Benedicta</span> <span class='ocrx_word' id='word_1_18' title='bbox 445 430 573 472; x_wconf 64' lang='lat' dir='ltr'>femina5</span> 
     </span>
    </p>

    <p class='ocr_par' dir='ltr' id='par_1_7' title="bbox 339 478 509 512">
     <span class='ocr_line' id='line_1_10' title="bbox 339 478 509 512; baseline 0 -1"><span class='ocrx_word' id='word_1_19' title='bbox 339 478 363 511; x_wconf 94' lang='lat' dir='ltr'>O</span> <span class='ocrx_word' id='word_1_20' title='bbox 390 479 509 512; x_wconf 79' lang='lat' dir='ltr'>Maria.</span> 
     </span>
    </p>
   </div>
   <div class='ocr_carea' id='block_1_7' title="bbox 239 556 752 783">
    <p class='ocr_par' dir='ltr' id='par_1_8' title="bbox 239 556 752 743">
     <span class='ocr_line' id='line_1_11' title="bbox 239 556 604 598; baseline 0 -9"><span class='ocrx_word' id='word_1_21' title='bbox 239 556 264 589; x_wconf 93' lang='grc' dir='ltr'>Ο</span> <span class='ocrx_word' id='word_1_22' title='bbox 288 558 400 588; x_wconf 80' lang='lat' dir='ltr'>sancta</span> <span class='ocrx_word' id='word_1_23' title='bbox 425 557 604 598; x_wconf 84' lang='lat' dir='ltr'>virginitas,</span> 
     </span>
     <span class='ocr_line' id='line_1_12' title="bbox 241 604 669 646; baseline 0.002 -10"><span class='ocrx_word' id='word_1_24' title='bbox 241 604 364 637; x_wconf 76' lang='lat' dir='ltr'>Nostra</span> <span class='ocrx_word' id='word_1_25' title='bbox 385 605 499 646; x_wconf 79' lang='lat' dir='ltr'>nequit</span> <span class='ocrx_word' id='word_1_26' title='bbox 522 605 669 645; x_wconf 71' lang='lat' dir='ltr'>pravitas</span> 
     </span>
     <span class='ocr_line' id='line_1_13' title="bbox 242 653 752 695; baseline 0.006 -11"><span class='ocrx_word' id='word_1_27' title='bbox 242 653 290 684; x_wconf 85' lang='lat' dir='ltr'>Te</span> <span class='ocrx_word' id='word_1_28' title='bbox 321 653 492 693; x_wconf 85' lang='lat' dir='ltr'>dignanter</span> <span class='ocrx_word' id='word_1_29' title='bbox 518 655 752 695; x_wconf 83' lang='lat' dir='ltr'>commendare,</span> 
     </span>
     <span class='ocr_line' id='line_1_14' title="bbox 240 700 686 743; baseline 0.002 -10"><span class='ocrx_word' id='word_1_30' title='bbox 240 700 330 742; x_wconf 86' lang='lat' dir='ltr'>Ergo</span> <span class='ocrx_word' id='word_1_31' title='bbox 354 701 432 735; x_wconf 87' lang='lat' dir='ltr'>iuva</span> <span class='ocrx_word' id='word_1_32' title='bbox 457 710 515 734; x_wconf 88' lang='lat' dir='ltr'>nos</span> <span class='ocrx_word' id='word_1_33' title='bbox 542 702 686 743; x_wconf 73' lang='lat' dir='ltr'>laudare,</span> 
     </span>
    </p>

    <p class='ocr_par' dir='ltr' id='par_1_9' title="bbox 338 749 507 783">
     <span class='ocr_line' id='line_1_15' title="bbox 338 749 507 783; baseline -0.006 0"><span class='ocrx_word' id='word_1_34' title='bbox 338 749 363 783; x_wconf 95' lang='grc' dir='ltr'>Ο</span> <span class='ocrx_word' id='word_1_35' title='bbox 390 750 507 782; x_wconf 80' lang='lat' dir='ltr'>Maria.</span> 
     </span>
    </p>
   </div>
   <div class='ocr_carea' id='block_1_8' title="bbox 242 826 778 1052">
    <p class='ocr_par' dir='ltr' id='par_1_10' title="bbox 242 826 778 1013">
     <span class='ocr_line' id='line_1_16' title="bbox 244 826 664 867; baseline 0 -9"><span class='ocrx_word' id='word_1_36' title='bbox 244 826 268 858; x_wconf 98' lang='lat' dir='ltr'>O</span> <span class='ocrx_word' id='word_1_37' title='bbox 296 828 442 858; x_wconf 87' lang='lat' dir='ltr'>matrona</span> <span class='ocrx_word' id='word_1_38' title='bbox 467 827 552 867; x_wconf 88' lang='lat' dir='ltr'>regis</span> <span class='ocrx_word' id='word_1_39' title='bbox 578 827 664 866; x_wconf 89' lang='lat' dir='ltr'>almi,</span> 
     </span>
     <span class='ocr_line' id='line_1_17' title="bbox 245 873 692 916; baseline 0.002 -11"><span class='ocrx_word' id='word_1_40' title='bbox 245 873 352 906; x_wconf 86' lang='lat' dir='ltr'>Psalle</span> <span class='ocrx_word' id='word_1_41' title='bbox 377 874 446 907; x_wconf 87' lang='lat' dir='ltr'>Deo</span> <span class='ocrx_word' id='word_1_42' title='bbox 472 883 552 906; x_wconf 86' lang='lat' dir='ltr'>voce</span> <span class='ocrx_word' id='word_1_43' title='bbox 575 875 692 916; x_wconf 81' lang='lat' dir='ltr'>psalmi</span> 
     </span>
     <span class='ocr_line' id='line_1_18' title="bbox 242 921 778 965; baseline 0.004 -11"><span class='ocrx_word' id='word_1_44' title='bbox 242 921 372 963; x_wconf 85' lang='lat' dir='ltr'>Ferque</span> <span class='ocrx_word' id='word_1_45' title='bbox 379 931 483 964; x_wconf 84' lang='lat' dir='ltr'>opem,</span> <span class='ocrx_word' id='word_1_46' title='bbox 493 932 588 963; x_wconf 86' lang='lat' dir='ltr'>quam</span> <span class='ocrx_word' id='word_1_47' title='bbox 596 932 778 965; x_wconf 81' lang='lat' dir='ltr'>precamur,</span> 
     </span>
     <span class='ocr_line' id='line_1_19' title="bbox 243 970 683 1013; baseline 0.002 -11"><span class='ocrx_word' id='word_1_48' title='bbox 243 970 294 1002; x_wconf 81' lang='lat' dir='ltr'>Ne</span> <span class='ocrx_word' id='word_1_49' title='bbox 317 971 352 1002; x_wconf 89' lang='lat' dir='ltr'>in</span> <span class='ocrx_word' id='word_1_50' title='bbox 378 971 474 1011; x_wconf 81' lang='lat' dir='ltr'>culpa</span> <span class='ocrx_word' id='word_1_51' title='bbox 498 972 683 1013; x_wconf 82' lang='lat' dir='ltr'>moriamur,</span> 
     </span>
    </p>

    <p class='ocr_par' dir='ltr' id='par_1_11' title="bbox 340 1018 513 1052">
     <span class='ocr_line' id='line_1_20' title="bbox 340 1018 513 1052; baseline 0 0"><span class='ocrx_word' id='word_1_52' title='bbox 340 1018 365 1052; x_wconf 94' lang='lat' dir='ltr'>O</span> <span class='ocrx_word' id='word_1_53' title='bbox 395 1018 513 1052; x_wconf 85' lang='lat' dir='ltr'>Maria.</span> 
     </span>
    </p>
   </div>
   <div class='ocr_carea' id='block_1_9' title="bbox 845 288 904 321">
    <p class='ocr_par' dir='ltr' id='par_1_12' title="bbox 845 288 904 321">
     <span class='ocr_line' id='line_1_21' title="bbox 845 288 904 321; baseline -0.017 0"><span class='ocrx_word' id='word_1_54' title='bbox 845 288 904 321; x_wconf 78' lang='lat' dir='ltr'>lb.</span> 
     </span>
    </p>
   </div>
   <div class='ocr_carea' id='block_1_10' title="bbox 846 558 907 592">
    <p class='ocr_par' dir='ltr' id='par_1_13' title="bbox 846 558 907 592">
     <span class='ocr_line' id='line_1_22' title="bbox 846 558 907 592; baseline 0.033 -2"><span class='ocrx_word' id='word_1_55' title='bbox 846 558 907 592; x_wconf 83' lang='lat' dir='ltr'>2b.</span> 
     </span>
    </p>
   </div>
   <div class='ocr_carea' id='block_1_11' title="bbox 848 827 910 860">
    <p class='ocr_par' dir='ltr' id='par_1_14' title="bbox 848 827 910 860">
     <span class='ocr_line' id='line_1_23' title="bbox 848 827 910 860; baseline 0 0"><span class='ocrx_word' id='word_1_56' title='bbox 848 827 910 860; x_wconf 86' lang='lat' dir='ltr'>3b.</span> 
     </span>
    </p>
   </div>
   <div class='ocr_carea' id='block_1_12' title="bbox 930 287 1351 514">
    <p class='ocr_par' dir='ltr' id='par_1_15' title="bbox 930 287 1314 330">
     <span class='ocr_line' id='line_1_24' title="bbox 930 287 1314 330; baseline -0.005 -9"><span class='ocrx_word' id='word_1_57' title='bbox 930 287 1049 329; x_wconf 80' lang='lat' dir='ltr'><strong>Mater,</strong></span> <span class='ocrx_word' id='word_1_58' title='bbox 1076 288 1172 329; x_wconf 84' lang='lat' dir='ltr'>plena</span> <span class='ocrx_word' id='word_1_59' title='bbox 1198 288 1314 330; x_wconf 81' lang='lat' dir='ltr'>gratia,</span> 
     </span>
    </p>

    <p class='ocr_par' dir='ltr' id='par_1_16' title="bbox 933 336 1261 369">
     <span class='ocr_line' id='line_1_25' title="bbox 933 336 1261 369; baseline -0.006 0"><span class='ocrx_word' id='word_1_60' title='bbox 933 337 1047 369; x_wconf 80' lang='lat' dir='ltr'><strong>Sontes</strong></span> <span class='ocrx_word' id='word_1_61' title='bbox 1073 337 1113 369; x_wconf 84' lang='lat' dir='ltr'>ad</span> <span class='ocrx_word' id='word_1_62' title='bbox 1140 336 1261 368; x_wconf 83' lang='lat' dir='ltr'>solacia</span> 
     </span>
    </p>

    <p class='ocr_par' dir='ltr' id='par_1_17' title="bbox 932 385 1296 424">
     <span class='ocr_line' id='line_1_26' title="bbox 932 385 1296 424; baseline -0.003 -8"><span class='ocrx_word' id='word_1_63' title='bbox 932 385 1014 417; x_wconf 87' lang='lat' dir='ltr'>Iuva</span> <span class='ocrx_word' id='word_1_64' title='bbox 1044 385 1124 417; x_wconf 77' lang='lat' dir='ltr'>caeli</span> <span class='ocrx_word' id='word_1_65' title='bbox 1150 392 1296 424; x_wconf 82' lang='lat' dir='ltr'>pergere,</span> 
     </span>
    </p>

    <p class='ocr_par' dir='ltr' id='par_1_18' title="bbox 932 432 1351 514">
     <span class='ocr_line' id='line_1_27' title="bbox 932 432 1351 473; baseline -0.005 -8"><span class='ocrx_word' id='word_1_66' title='bbox 932 433 1115 473; x_wconf 86' lang='lat' dir='ltr'>Dignentur</span> <span class='ocrx_word' id='word_1_67' title='bbox 1142 436 1175 464; x_wconf 85' lang='lat' dir='ltr'>ut</span> <span class='ocrx_word' id='word_1_68' title='bbox 1199 432 1351 473; x_wconf 83' lang='lat' dir='ltr'>psallere,</span> 
     </span>
     <span class='ocr_line' id='line_1_28' title="bbox 1031 480 1200 514; baseline 0 0"><span class='ocrx_word' id='word_1_69' title='bbox 1031 482 1055 514; x_wconf 94' lang='lat' dir='ltr'>O</span> <span class='ocrx_word' id='word_1_70' title='bbox 1082 480 1200 514; x_wconf 71' lang='lat' dir='ltr'>Maria.</span> 
     </span>
    </p>
   </div>
   <div class='ocr_carea' id='block_1_13' title="bbox 934 557 1388 784">
    <p class='ocr_par' dir='ltr' id='par_1_19' title="bbox 934 557 1299 601">
     <span class='ocr_line' id='line_1_29' title="bbox 934 557 1299 601; baseline -0.008 -9"><span class='ocrx_word' id='word_1_71' title='bbox 934 559 959 592; x_wconf 96' lang='grc' dir='ltr'>Ο</span> <span class='ocrx_word' id='word_1_72' title='bbox 988 558 1087 601; x_wconf 81' lang='lat' dir='ltr'>virgo,</span> <span class='ocrx_word' id='word_1_73' title='bbox 1115 557 1299 590; x_wconf 76' lang='lat' dir='ltr'>mortalium</span> 
     </span>
    </p>

    <p class='ocr_par' dir='ltr' id='par_1_20' title="bbox 934 605 1327 639">
     <span class='ocr_line' id='line_1_30' title="bbox 934 605 1327 639; baseline -0.005 0"><span class='ocrx_word' id='word_1_74' title='bbox 934 607 971 639; x_wconf 83' lang='lat' dir='ltr'>In</span> <span class='ocrx_word' id='word_1_75' title='bbox 1001 607 1139 638; x_wconf 75' lang='lat' dir='ltr'>salutem</span> <span class='ocrx_word' id='word_1_76' title='bbox 1163 605 1327 637; x_wconf 80' lang='lat' dir='ltr'>hominum</span> 
     </span>
    </p>

    <p class='ocr_par' dir='ltr' id='par_1_21' title="bbox 935 653 1388 694">
     <span class='ocr_line' id='line_1_31' title="bbox 935 653 1388 694; baseline -0.007 -7"><span class='ocrx_word' id='word_1_77' title='bbox 935 654 1120 694; x_wconf 81' lang='lat' dir='ltr'>Concepisti</span> <span class='ocrx_word' id='word_1_78' title='bbox 1146 653 1238 686; x_wconf 85' lang='lat' dir='ltr'>nobis</span> <span class='ocrx_word' id='word_1_79' title='bbox 1263 654 1388 693; x_wconf 87' lang='lat' dir='ltr'>prolem</span> 
     </span>
    </p>

    <p class='ocr_par' dir='ltr' id='par_1_22' title="bbox 936 702 1350 784">
     <span class='ocr_line' id='line_1_32' title="bbox 936 702 1350 744; baseline -0.005 -9"><span class='ocrx_word' id='word_1_80' title='bbox 936 702 1042 743; x_wconf 80' lang='lat' dir='ltr'>Salva,</span> <span class='ocrx_word' id='word_1_81' title='bbox 1069 703 1213 734; x_wconf 81' lang='lat' dir='ltr'>iustitiae</span> <span class='ocrx_word' id='word_1_82' title='bbox 1238 702 1350 744; x_wconf 85' lang='lat' dir='ltr'>solem,</span> 
     </span>
     <span class='ocr_line' id='line_1_33' title="bbox 1032 750 1202 784; baseline -0.012 0"><span class='ocrx_word' id='word_1_83' title='bbox 1032 751 1057 784; x_wconf 96' lang='lat' dir='ltr'>O</span> <span class='ocrx_word' id='word_1_84' title='bbox 1086 750 1202 783; x_wconf 83' lang='lat' dir='ltr'>Maria.</span> 
     </span>
    </p>
   </div>
   <div class='ocr_carea' id='block_1_14' title="bbox 935 828 1416 1011">
    <p class='ocr_par' dir='ltr' id='par_1_23' title="bbox 935 828 1416 1011">
     <span class='ocr_line' id='line_1_34' title="bbox 938 828 1356 872; baseline -0.007 -11"><span class='ocrx_word' id='word_1_85' title='bbox 938 828 963 861; x_wconf 96' lang='grc' dir='ltr'>Ο</span> <span class='ocrx_word' id='word_1_86' title='bbox 990 837 1057 872; x_wconf 81' lang='lat' dir='ltr'>nos,</span> <span class='ocrx_word' id='word_1_87' title='bbox 1085 831 1189 860; x_wconf 85' lang='lat' dir='ltr'>mater</span> <span class='ocrx_word' id='word_1_88' title='bbox 1214 828 1356 868; x_wconf 86' lang='lat' dir='ltr'>pietatis,</span> 
     </span>
     <span class='ocr_line' id='line_1_35' title="bbox 935 875 1416 917; baseline -0.004 -9"><span class='ocrx_word' id='word_1_89' title='bbox 935 876 1023 908; x_wconf 89' lang='lat' dir='ltr'>Audi</span> <span class='ocrx_word' id='word_1_90' title='bbox 1049 875 1163 908; x_wconf 86' lang='lat' dir='ltr'>flentes</span> <span class='ocrx_word' id='word_1_91' title='bbox 1188 885 1248 917; x_wconf 88' lang='lat' dir='ltr'>pro</span> <span class='ocrx_word' id='word_1_92' title='bbox 1273 875 1416 915; x_wconf 77' lang='lat' dir='ltr'>peccatis</span> 
     </span>
     <span class='ocr_line' id='line_1_36' title="bbox 936 924 1354 964; baseline -0.002 -8"><span class='ocrx_word' id='word_1_93' title='bbox 936 924 981 956; x_wconf 77' lang='lat' dir='ltr'>Et</span> <span class='ocrx_word' id='word_1_94' title='bbox 1005 933 1024 955; x_wconf 88' lang='lat' dir='ltr'>a</span> <span class='ocrx_word' id='word_1_95' title='bbox 1049 924 1143 957; x_wconf 83' lang='lat' dir='ltr'>malis</span> <span class='ocrx_word' id='word_1_96' title='bbox 1168 932 1226 956; x_wconf 84' lang='lat' dir='ltr'>nos</span> <span class='ocrx_word' id='word_1_97' title='bbox 1252 926 1354 964; x_wconf 86' lang='lat' dir='ltr'>tuere,</span> 
     </span>
     <span class='ocr_line' id='line_1_37' title="bbox 937 972 1338 1011; baseline -0.005 -6"><span class='ocrx_word' id='word_1_98' title='bbox 937 973 1147 1005; x_wconf 74' lang='lat' dir='ltr'>Peccatorum</span> <span class='ocrx_word' id='word_1_99' title='bbox 1173 972 1338 1011; x_wconf 73' lang='lat' dir='ltr'>miserere,</span> 
     </span>
    </p>
   </div>
   <div class='ocr_carea' id='block_1_15' title="bbox 1034 1019 1206 1054">
    <p class='ocr_par' dir='ltr' id='par_1_24' title="bbox 1034 1019 1206 1054">
     <span class='ocr_line' id='line_1_38' title="bbox 1034 1019 1206 1054; baseline 0.006 -1"><span class='ocrx_word' id='word_1_100' title='bbox 1034 1020 1059 1053; x_wconf 94' lang='lat' dir='ltr'>O</span> <span class='ocrx_word' id='word_1_101' title='bbox 1088 1019 1206 1054; x_wconf 81' lang='lat' dir='ltr'>Maria.</span> 
     </span>
    </p>
   </div>
   <div class='ocr_carea' id='block_1_16' title="bbox 223 1094 1422 1132">
    <p class='ocr_par' dir='ltr' id='par_1_25' title="bbox 223 1094 1422 1132">
     <span class='ocr_line' id='line_1_39' title="bbox 223 1094 1422 1132; baseline 0.001 -12"><span class='ocrx_word' id='word_1_102' title='bbox 223 1095 358 1121; x_wconf 32' lang='lat' dir='ltr'>taanticn.</span> <span class='ocrx_word' id='word_1_103' title='bbox 381 1097 411 1122; x_wconf 77' lang='lat' dir='ltr'>et</span> <span class='ocrx_word' id='word_1_104' title='bbox 423 1094 562 1131; x_wconf 79' lang='lat' dir='ltr'>Sequent.</span> <span class='ocrx_word' id='word_1_105' title='bbox 583 1103 637 1122; x_wconf 88' lang='lat' dir='ltr'>ms.</span> <span class='ocrx_word' id='word_1_106' title='bbox 652 1094 804 1132; x_wconf 80' lang='lat' dir='ltr'>Pragense</span> <span class='ocrx_word' id='word_1_107' title='bbox 823 1103 899 1123; x_wconf 79' lang='lat' dir='ltr'>saec.</span> <span class='ocrx_word' id='word_1_108' title='bbox 918 1094 962 1123; x_wconf 82' lang='lat'>15.</span> <span class='ocrx_word' id='word_1_109' title='bbox 998 1095 1069 1123; x_wconf 86' lang='lat' dir='ltr'>Cod.</span> <span class='ocrx_word' id='word_1_110' title='bbox 1090 1095 1300 1132; x_wconf 73' lang='lat' dir='ltr'>vissegraden.</span> <span class='ocrx_word' id='word_1_111' title='bbox 1315 1095 1343 1123; x_wconf 88' lang='lat' dir='ltr'>V</span> <span class='ocrx_word' id='word_1_112' title='bbox 1360 1094 1383 1122; x_wconf 79' lang='lat' dir='ltr'>O</span> <span class='ocrx_word' id='word_1_113' title='bbox 1397 1105 1422 1130; x_wconf 84' lang='grc' dir='ltr'>η.</span> 
     </span>
    </p>
   </div>
   <div class='ocr_carea' id='block_1_17' title="bbox 147 1129 1279 1172">
    <p class='ocr_par' dir='ltr' id='par_1_26' title="bbox 147 1129 1279 1172">
     <span class='ocr_line' id='line_1_40' title="bbox 147 1129 1279 1172; baseline 0.001 -13"><span class='ocrx_word' id='word_1_114' title='bbox 147 1129 199 1167; x_wconf 76' lang='lat' dir='ltr'>lb,</span> <span class='ocrx_word' id='word_1_115' title='bbox 224 1129 238 1160; x_wconf 87' lang='lat'>1</span> <span class='ocrx_word' id='word_1_116' title='bbox 261 1131 285 1159; x_wconf 95' lang='grc' dir='ltr'>Ο</span> <span class='ocrx_word' id='word_1_117' title='bbox 306 1135 408 1160; x_wconf 84' lang='lat' dir='ltr'>mater.</span> <span class='ocrx_word' id='word_1_118' title='bbox 434 1148 467 1152; x_wconf 88' lang='lat'>—</span> <span class='ocrx_word' id='word_1_119' title='bbox 488 1130 541 1167; x_wconf 69' lang='lat'>321,</span> <span class='ocrx_word' id='word_1_120' title='bbox 563 1131 581 1161; x_wconf 85' lang='lat'><strong>3</strong></span> <span class='ocrx_word' id='word_1_121' title='bbox 605 1142 662 1170; x_wconf 85' lang='lat' dir='ltr'>que</span> <span class='ocrx_word' id='word_1_122' title='bbox 681 1133 763 1161; x_wconf 77' lang='lat' dir='ltr'>fehlt.</span> <span class='ocrx_word' id='word_1_123' title='bbox 785 1149 822 1153; x_wconf 92' lang='lat'>—-</span> <span class='ocrx_word' id='word_1_124' title='bbox 842 1134 907 1162; x_wconf 75' lang='lat' dir='ltr'>Hat</span> <span class='ocrx_word' id='word_1_125' title='bbox 927 1135 994 1162; x_wconf 84' lang='lat' dir='ltr'>eine</span> <span class='ocrx_word' id='word_1_126' title='bbox 1017 1135 1121 1172; x_wconf 81' lang='lat' dir='ltr'>eigene</span> <span class='ocrx_word' id='word_1_127' title='bbox 1140 1133 1279 1162; x_wconf 86' lang='lat' dir='ltr'>Melodie.</span> 
     </span>
    </p>
   </div>
   <div class='ocr_carea' id='block_1_18' title="bbox 155 1347 216 1380">
    <p class='ocr_par' dir='ltr' id='par_1_27' title="bbox 155 1347 216 1380">
     <span class='ocr_line' id='line_1_41' title="bbox 155 1347 216 1380; baseline -0.049 0"><span class='ocrx_word' id='word_1_128' title='bbox 155 1347 216 1380; x_wconf 69' lang='lat' dir='ltr'>la.</span> 
     </span>
    </p>
   </div>
   <div class='ocr_carea' id='block_1_19' title="bbox 158 1473 220 1505">
    <p class='ocr_par' dir='ltr' id='par_1_28' title="bbox 158 1473 220 1505">
     <span class='ocr_line' id='line_1_42' title="bbox 158 1473 220 1505; baseline 0.016 -1"><span class='ocrx_word' id='word_1_129' title='bbox 158 1473 220 1505; x_wconf 71' lang='lat' dir='ltr'>Za.</span> 
     </span>
    </p>
   </div>
   <div class='ocr_carea' id='block_1_20' title="bbox 159 1599 218 1631">
    <p class='ocr_par' dir='ltr' id='par_1_29' title="bbox 159 1599 218 1631">
     <span class='ocr_line' id='line_1_43' title="bbox 159 1599 218 1631; baseline -0.034 0"><span class='ocrx_word' id='word_1_130' title='bbox 159 1599 218 1631; x_wconf 63' lang='lat'>321.</span> 
     </span>
    </p>
   </div>
   <div class='ocr_carea' id='block_1_21' title="bbox 157 1725 221 1757">
    <p class='ocr_par' dir='ltr' id='par_1_30' title="bbox 157 1725 221 1757">
     <span class='ocr_line' id='line_1_44' title="bbox 157 1725 221 1757; baseline -0.016 0"><span class='ocrx_word' id='word_1_131' title='bbox 157 1725 221 1757; x_wconf 56' lang='lat'>421.</span> 
     </span>
    </p>
   </div>
   <div class='ocr_carea' id='block_1_22' title="bbox 159 2324 220 2358">
    <p class='ocr_par' dir='ltr' id='par_1_31' title="bbox 159 2324 220 2358">
     <span class='ocr_line' id='line_1_45' title="bbox 159 2324 220 2358; baseline 0 -1"><span class='ocrx_word' id='word_1_132' title='bbox 159 2324 220 2358; x_wconf 84' lang='lat' dir='ltr'>8a.</span> 
     </span>
    </p>
   </div>
   <div class='ocr_carea' id='block_1_23' title="bbox 591 1265 1014 1299">
    <p class='ocr_par' dir='ltr' id='par_1_32' title="bbox 591 1265 1014 1299">
     <span class='ocr_line' id='line_1_46' title="bbox 591 1265 1014 1299; baseline 0.002 -2"><span class='ocrx_word' id='word_1_133' title='bbox 591 1266 638 1297; x_wconf 84' lang='lat'>79.</span> <span class='ocrx_word' id='word_1_134' title='bbox 665 1266 708 1298; x_wconf 87' lang='lat' dir='ltr'>De</span> <span class='ocrx_word' id='word_1_135' title='bbox 731 1265 834 1298; x_wconf 85' lang='lat' dir='ltr'>Beata</span> <span class='ocrx_word' id='word_1_136' title='bbox 854 1266 958 1299; x_wconf 78' lang='lat' dir='ltr'>Maria</span> <span class='ocrx_word' id='word_1_137' title='bbox 978 1267 1014 1298; x_wconf 94' lang='lat' dir='ltr'>V.</span> 
     </span>
    </p>
   </div>
   <div class='ocr_carea' id='block_1_24' title="bbox 245 1346 723 1561">
    <p class='ocr_par' dir='ltr' id='par_1_33' title="bbox 245 1346 723 1561">
     <span class='ocr_line' id='line_1_47' title="bbox 245 1346 634 1380; baseline 0 -2"><span class='ocrx_word' id='word_1_138' title='bbox 245 1346 361 1380; x_wconf 80' lang='lat' dir='ltr'>Cordis</span> <span class='ocrx_word' id='word_1_139' title='bbox 386 1348 487 1379; x_wconf 83' lang='lat' dir='ltr'>melos</span> <span class='ocrx_word' id='word_1_140' title='bbox 513 1350 544 1378; x_wconf 84' lang='lat' dir='ltr'>et</span> <span class='ocrx_word' id='word_1_141' title='bbox 567 1347 634 1380; x_wconf 83' lang='lat' dir='ltr'>oris</span> 
     </span>
     <span class='ocr_line' id='line_1_48' title="bbox 294 1395 696 1436; baseline 0.002 -10"><span class='ocrx_word' id='word_1_142' title='bbox 294 1395 335 1427; x_wconf 86' lang='lat' dir='ltr'>In</span> <span class='ocrx_word' id='word_1_143' title='bbox 362 1395 497 1435; x_wconf 83' lang='lat' dir='ltr'>virginis</span> <span class='ocrx_word' id='word_1_144' title='bbox 520 1396 696 1436; x_wconf 66' lang='lat' dir='ltr'>praeconia</span> 
     </span>
     <span class='ocr_line' id='line_1_49' title="bbox 246 1471 723 1505; baseline 0.004 -2"><span class='ocrx_word' id='word_1_145' title='bbox 246 1471 339 1503; x_wconf 81' lang='lat' dir='ltr'>Haec</span> <span class='ocrx_word' id='word_1_146' title='bbox 363 1471 476 1503; x_wconf 82' lang='lat' dir='ltr'>lucens</span> <span class='ocrx_word' id='word_1_147' title='bbox 501 1472 599 1504; x_wconf 78' lang='lat' dir='ltr'>stella</span> <span class='ocrx_word' id='word_1_148' title='bbox 623 1473 723 1505; x_wconf 82' lang='lat' dir='ltr'>maris</span> 
     </span>
     <span class='ocr_line' id='line_1_50' title="bbox 293 1519 679 1561; baseline 0 -9"><span class='ocrx_word' id='word_1_149' title='bbox 293 1519 337 1552; x_wconf 90' lang='lat' dir='ltr'>Et</span> <span class='ocrx_word' id='word_1_150' title='bbox 362 1528 483 1552; x_wconf 82' lang='lat' dir='ltr'>ancora</span> <span class='ocrx_word' id='word_1_151' title='bbox 508 1519 679 1561; x_wconf 74' lang='lat' dir='ltr'>naufragii,</span> 
     </span>
    </p>
   </div>
   <div class='ocr_carea' id='block_1_25' title="bbox 243 1596 767 1690">
    <p class='ocr_par' dir='ltr' id='par_1_34' title="bbox 243 1596 767 1690">
     <span class='ocr_line' id='line_1_51' title="bbox 245 1596 707 1637; baseline 0 -8"><span class='ocrx_word' id='word_1_152' title='bbox 245 1596 339 1629; x_wconf 79' lang='lat' dir='ltr'>Haeo</span> <span class='ocrx_word' id='word_1_153' title='bbox 362 1597 452 1637; x_wconf 81' lang='lat' dir='ltr'>virgo</span> <span class='ocrx_word' id='word_1_154' title='bbox 477 1597 548 1628; x_wconf 81' lang='lat' dir='ltr'>sine</span> <span class='ocrx_word' id='word_1_155' title='bbox 572 1598 707 1636; x_wconf 68' lang='lat' dir='ltr'>matula,</span> 
     </span>
     <span class='ocr_line' id='line_1_52' title="bbox 243 1646 767 1690; baseline 0.002 -12"><span class='ocrx_word' id='word_1_156' title='bbox 243 1646 336 1678; x_wconf 83' lang='lat' dir='ltr'>Haec</span> <span class='ocrx_word' id='word_1_157' title='bbox 361 1648 484 1677; x_wconf 83' lang='lat' dir='ltr'>scutum</span> <span class='ocrx_word' id='word_1_158' title='bbox 514 1649 626 1678; x_wconf 85' lang='lat' dir='ltr'>contra</span> <span class='ocrx_word' id='word_1_159' title='bbox 652 1646 767 1690; x_wconf 80' lang='lat' dir='ltr'>iacula,</span> 
     </span>
    </p>
   </div>
   <div class='ocr_carea' id='block_1_26' title="bbox 243 1722 704 1864">
    <p class='ocr_par' dir='ltr' id='par_1_35' title="bbox 243 1722 704 1864">
     <span class='ocr_line' id='line_1_53' title="bbox 246 1722 453 1764; baseline -0.01 -9"><span class='ocrx_word' id='word_1_160' title='bbox 246 1723 307 1764; x_wconf 81' lang='lat' dir='ltr'>Tu,</span> <span class='ocrx_word' id='word_1_161' title='bbox 335 1722 453 1762; x_wconf 69' lang='lat' dir='ltr'>Maria,</span> 
     </span>
     <span class='ocr_line' id='line_1_54' title="bbox 243 1771 427 1811; baseline -0.005 -8"><span class='ocrx_word' id='word_1_162' title='bbox 243 1771 340 1804; x_wconf 84' lang='lat' dir='ltr'>Vitae</span> <span class='ocrx_word' id='word_1_163' title='bbox 366 1771 427 1811; x_wconf 85' lang='lat' dir='ltr'>via,</span> 
     </span>
     <span class='ocr_line' id='line_1_55' title="bbox 297 1819 704 1864; baseline 0 -12"><span class='ocrx_word' id='word_1_164' title='bbox 297 1820 345 1852; x_wconf 88' lang='lat' dir='ltr'>Tu</span> <span class='ocrx_word' id='word_1_165' title='bbox 369 1828 485 1852; x_wconf 88' lang='lat' dir='ltr'>norma</span> <span class='ocrx_word' id='word_1_166' title='bbox 510 1819 704 1864; x_wconf 78' lang='lat' dir='ltr'>pudicitiae3</span> 
     </span>
    </p>
   </div>
   <div class='ocr_carea' id='block_1_27' title="bbox 191 1896 487 1932">
    <p class='ocr_par' dir='ltr' id='par_1_36' title="bbox 191 1896 487 1932">
     <span class='ocr_line' id='line_1_56' title="bbox 191 1896 487 1932; baseline -0.01 -2"><span class='ocrx_word' id='word_1_167' title='bbox 191 1908 221 1932; x_wconf 68' lang='lat' dir='ltr'>t.</span> <span class='ocrx_word' id='word_1_168' title='bbox 248 1897 297 1929; x_wconf 85' lang='lat' dir='ltr'>Tu</span> <span class='ocrx_word' id='word_1_169' title='bbox 324 1906 357 1929; x_wconf 88' lang='lat' dir='ltr'>es</span> <span class='ocrx_word' id='word_1_170' title='bbox 383 1896 487 1928; x_wconf 87' lang='lat' dir='ltr'>vellus</span> 
     </span>
    </p>
   </div>
   <div class='ocr_carea' id='block_1_28' title="bbox 292 1944 630 1986">
    <p class='ocr_par' dir='ltr' id='par_1_37' title="bbox 292 1944 630 1986">
     <span class='ocr_line' id='line_1_57' title="bbox 292 1944 630 1986; baseline 0 -9"><span class='ocrx_word' id='word_1_171' title='bbox 292 1944 431 1978; x_wconf 85' lang='lat' dir='ltr'>Madens</span> <span class='ocrx_word' id='word_1_172' title='bbox 457 1944 630 1986; x_wconf 75' lang='lat' dir='ltr'>Gredeonis,</span> 
     </span>
    </p>
   </div>
   <div class='ocr_carea' id='block_1_29' title="bbox 212 2021 419 2057">
    <p class='ocr_par' dir='ltr' id='par_1_38' title="bbox 212 2021 419 2057">
     <span class='ocr_line' id='line_1_58' title="bbox 212 2021 419 2057; baseline -0.019 0"><span class='ocrx_word' id='word_1_173' title='bbox 212 2050 219 2057; x_wconf 93' lang='lat'><strong>.</strong></span> <span class='ocrx_word' id='word_1_174' title='bbox 247 2022 323 2054; x_wconf 85' lang='lat' dir='ltr'>Sine</span> <span class='ocrx_word' id='word_1_175' title='bbox 345 2021 419 2054; x_wconf 80' lang='lat' dir='ltr'>viro</span> 
     </span>
    </p>
   </div>
   <div class='ocr_carea' id='block_1_30' title="bbox 293 2070 649 2111">
    <p class='ocr_par' dir='ltr' id='par_1_39' title="bbox 293 2070 649 2111">
     <span class='ocr_line' id='line_1_59' title="bbox 293 2070 649 2111; baseline 0 -10"><span class='ocrx_word' id='word_1_176' title='bbox 293 2070 377 2102; x_wconf 89' lang='lat' dir='ltr'>Alvo</span> <span class='ocrx_word' id='word_1_177' title='bbox 402 2070 649 2111; x_wconf 82' lang='lat' dir='ltr'>impraegnaris‚</span> 
     </span>
    </p>
   </div>
   <div class='ocr_carea' id='block_1_31' title="bbox 246 2147 709 2285">
    <p class='ocr_par' dir='ltr' id='par_1_40' title="bbox 246 2147 709 2285">
     <span class='ocr_line' id='line_1_60' title="bbox 246 2147 630 2187; baseline -0.003 -8"><span class='ocrx_word' id='word_1_178' title='bbox 246 2147 296 2179; x_wconf 89' lang='lat' dir='ltr'>Tu</span> <span class='ocrx_word' id='word_1_179' title='bbox 321 2147 383 2179; x_wconf 87' lang='lat' dir='ltr'>Dei</span> <span class='ocrx_word' id='word_1_180' title='bbox 410 2148 630 2187; x_wconf 81' lang='lat' dir='ltr'>secretarium,</span> 
     </span>
     <span class='ocr_line' id='line_1_61' title="bbox 247 2195 431 2227; baseline -0.005 0"><span class='ocrx_word' id='word_1_181' title='bbox 247 2195 431 2227; x_wconf 74' lang='lat' dir='ltr'>Sam-arium</span> 
     </span>
     <span class='ocr_line' id='line_1_62' title="bbox 295 2244 709 2285; baseline -0.002 -9"><span class='ocrx_word' id='word_1_182' title='bbox 295 2244 341 2277; x_wconf 89' lang='lat' dir='ltr'>Es</span> <span class='ocrx_word' id='word_1_183' title='bbox 367 2245 509 2276; x_wconf 87' lang='lat' dir='ltr'>omnium</span> <span class='ocrx_word' id='word_1_184' title='bbox 535 2244 709 2285; x_wconf 82' lang='lat' dir='ltr'>virtutum3</span> 
     </span>
    </p>
   </div>
   <div class='ocr_carea' id='block_1_32' title="bbox 247 2321 780 2461">
    <p class='ocr_par' dir='ltr' id='par_1_41' title="bbox 247 2321 780 2461">
     <span class='ocr_line' id='line_1_63' title="bbox 247 2321 640 2359; baseline -0.005 -5"><span class='ocrx_word' id='word_1_185' title='bbox 247 2322 357 2354; x_wconf 83' lang='lat' dir='ltr'>Mater</span> <span class='ocrx_word' id='word_1_186' title='bbox 383 2321 640 2359; x_wconf 81' lang='lat' dir='ltr'>misericordiae,</span> 
     </span>
     <span class='ocr_line' id='line_1_64' title="bbox 247 2370 430 2403; baseline -0.011 0"><span class='ocrx_word' id='word_1_187' title='bbox 247 2370 430 2403; x_wconf 82' lang='lat' dir='ltr'>Munditiae</span> 
     </span>
     <span class='ocr_line' id='line_1_65' title="bbox 295 2418 780 2461; baseline -0.002 -9"><span class='ocrx_word' id='word_1_188' title='bbox 295 2419 384 2461; x_wconf 83' lang='lat' dir='ltr'>Flos,</span> <span class='ocrx_word' id='word_1_189' title='bbox 416 2428 490 2460; x_wconf 85' lang='lat' dir='ltr'>spes</span> <span class='ocrx_word' id='word_1_190' title='bbox 519 2418 780 2460; x_wconf 77' lang='lat' dir='ltr'>desperatorum3</span> 
     </span>
    </p>
   </div>
   <div class='ocr_carea' id='block_1_33' title="bbox 852 1348 914 1382">
    <p class='ocr_par' dir='ltr' id='par_1_42' title="bbox 852 1348 914 1382">
     <span class='ocr_line' id='line_1_66' title="bbox 852 1348 914 1382; baseline 0 -1"><span class='ocrx_word' id='word_1_191' title='bbox 852 1348 914 1382; x_wconf 70' lang='lat' dir='ltr'>ib.</span> 
     </span>
    </p>
   </div>
   <div class='ocr_carea' id='block_1_34' title="bbox 851 1472 911 1507">
    <p class='ocr_par' dir='ltr' id='par_1_43' title="bbox 851 1472 911 1507">
     <span class='ocr_line' id='line_1_67' title="bbox 851 1472 911 1507; baseline 0 -1"><span class='ocrx_word' id='word_1_192' title='bbox 851 1472 911 1507; x_wconf 84' lang='lat' dir='ltr'>2b.</span> 
     </span>
    </p>
   </div>
   <div class='ocr_carea' id='block_1_35' title="bbox 851 1599 912 1632">
    <p class='ocr_par' dir='ltr' id='par_1_44' title="bbox 851 1599 912 1632">
     <span class='ocr_line' id='line_1_68' title="bbox 851 1599 912 1632; baseline -0.016 0"><span class='ocrx_word' id='word_1_193' title='bbox 851 1599 912 1632; x_wconf 70' lang='lat'>31).</span> 
     </span>
    </p>
   </div>
   <div class='ocr_carea' id='block_1_36' title="bbox 852 1724 912 1757">
    <p class='ocr_par' dir='ltr' id='par_1_45' title="bbox 852 1724 912 1757">
     <span class='ocr_line' id='line_1_69' title="bbox 852 1724 912 1757; baseline 0 0"><span class='ocrx_word' id='word_1_194' title='bbox 852 1724 912 1757; x_wconf 79' lang='lat' dir='ltr'>4b.</span> 
     </span>
    </p>
   </div>
   <div class='ocr_carea' id='block_1_37' title="bbox 853 1898 912 1932">
    <p class='ocr_par' dir='ltr' id='par_1_46' title="bbox 853 1898 912 1932">
     <span class='ocr_line' id='line_1_70' title="bbox 853 1898 912 1932; baseline 0.017 -2"><span class='ocrx_word' id='word_1_195' title='bbox 853 1898 912 1932; x_wconf 86' lang='lat' dir='ltr'>5b.</span> 
     </span>
    </p>
   </div>
   <div class='ocr_carea' id='block_1_38' title="bbox 851 2023 910 2057">
    <p class='ocr_par' dir='ltr' id='par_1_47' title="bbox 851 2023 910 2057">
     <span class='ocr_line' id='line_1_71' title="bbox 851 2023 910 2057; baseline -0.034 0"><span class='ocrx_word' id='word_1_196' title='bbox 851 2023 910 2057; x_wconf 87' lang='lat' dir='ltr'>6b.</span> 
     </span>
    </p>
   </div>
   <div class='ocr_carea' id='block_1_39' title="bbox 854 2148 914 2182">
    <p class='ocr_par' dir='ltr' id='par_1_48' title="bbox 854 2148 914 2182">
     <span class='ocr_line' id='line_1_72' title="bbox 854 2148 914 2182; baseline 0.033 -2"><span class='ocrx_word' id='word_1_197' title='bbox 854 2148 914 2182; x_wconf 82' lang='lat' dir='ltr'>7b.</span> 
     </span>
    </p>
   </div>
   <div class='ocr_carea' id='block_1_40' title="bbox 855 2321 912 2356">
    <p class='ocr_par' dir='ltr' id='par_1_49' title="bbox 855 2321 912 2356">
     <span class='ocr_line' id='line_1_73' title="bbox 855 2321 912 2356; baseline -0.035 0"><span class='ocrx_word' id='word_1_198' title='bbox 855 2321 912 2356; x_wconf 67' lang='lat'>81).</span> 
     </span>
    </p>
   </div>
   <div class='ocr_carea' id='block_1_41' title="bbox 942 1348 1438 1435">
    <p class='ocr_par' dir='ltr' id='par_1_50' title="bbox 942 1348 1438 1435">
     <span class='ocr_line' id='line_1_74' title="bbox 942 1348 1323 1388; baseline -0.005 -6"><span class='ocrx_word' id='word_1_199' title='bbox 942 1349 1138 1388; x_wconf 58' lang='lat' dir='ltr'>Commeat,</span> <span class='ocrx_word' id='word_1_200' title='bbox 1165 1348 1323 1380; x_wconf 78' lang='lat' dir='ltr'>creatoris</span> 
     </span>
     <span class='ocr_line' id='line_1_75' title="bbox 988 1394 1438 1435; baseline 0.002 -7"><span class='ocrx_word' id='word_1_201' title='bbox 988 1396 1075 1435; x_wconf 81' lang='lat' dir='ltr'>Quae</span> <span class='ocrx_word' id='word_1_202' title='bbox 1101 1399 1204 1429; x_wconf 85' lang='lat' dir='ltr'>mater</span> <span class='ocrx_word' id='word_1_203' title='bbox 1230 1400 1280 1427; x_wconf 78' lang='lat' dir='ltr'>est</span> <span class='ocrx_word' id='word_1_204' title='bbox 1304 1399 1335 1427; x_wconf 89' lang='lat' dir='ltr'>et</span> <span class='ocrx_word' id='word_1_205' title='bbox 1360 1394 1438 1429; x_wconf 84' lang='lat' dir='ltr'>filia.</span> 
     </span>
    </p>
   </div>
   <div class='ocr_carea' id='block_1_42' title="bbox 937 1473 1454 1561">
    <p class='ocr_par' dir='ltr' id='par_1_51' title="bbox 937 1473 1454 1561">
     <span class='ocr_line' id='line_1_76' title="bbox 937 1473 1356 1516; baseline -0.005 -10"><span class='ocrx_word' id='word_1_206' title='bbox 937 1474 1030 1506; x_wconf 72' lang='lat' dir='ltr'>Haeo</span> <span class='ocrx_word' id='word_1_207' title='bbox 1053 1476 1167 1514; x_wconf 81' lang='lat' dir='ltr'>portus</span> <span class='ocrx_word' id='word_1_208' title='bbox 1192 1473 1356 1516; x_wconf 77' lang='lat' dir='ltr'>salutaris,</span> 
     </span>
     <span class='ocr_line' id='line_1_77' title="bbox 986 1521 1454 1561; baseline -0.004 -8"><span class='ocrx_word' id='word_1_209' title='bbox 986 1521 1078 1553; x_wconf 85' lang='lat' dir='ltr'>Haeo</span> <span class='ocrx_word' id='word_1_210' title='bbox 1107 1523 1209 1554; x_wconf 84' lang='lat' dir='ltr'>nostri</span> <span class='ocrx_word' id='word_1_211' title='bbox 1235 1530 1310 1561; x_wconf 86' lang='lat' dir='ltr'>spes</span> <span class='ocrx_word' id='word_1_212' title='bbox 1338 1521 1454 1553; x_wconf 81' lang='lat' dir='ltr'>exsilii.</span> 
     </span>
    </p>
   </div>
   <div class='ocr_carea' id='block_1_43' title="bbox 938 1599 1380 1681">
    <p class='ocr_par' dir='ltr' id='par_1_52' title="bbox 938 1599 1380 1681">
     <span class='ocr_line' id='line_1_78' title="bbox 938 1599 1369 1639; baseline -0.005 -7"><span class='ocrx_word' id='word_1_213' title='bbox 938 1600 1032 1632; x_wconf 74' lang='lat' dir='ltr'>Haeo</span> <span class='ocrx_word' id='word_1_214' title='bbox 1055 1600 1141 1631; x_wconf 83' lang='lat' dir='ltr'>risus</span> <span class='ocrx_word' id='word_1_215' title='bbox 1165 1599 1200 1631; x_wconf 80' lang='lat' dir='ltr'>in</span> <span class='ocrx_word' id='word_1_216' title='bbox 1223 1599 1369 1639; x_wconf 71' lang='lat' dir='ltr'>tristitia,</span> 
     </span>
     <span class='ocr_line' id='line_1_79' title="bbox 940 1647 1380 1681; baseline 0.002 -1"><span class='ocrx_word' id='word_1_217' title='bbox 940 1648 1018 1680; x_wconf 78' lang='lat' dir='ltr'>Post</span> <span class='ocrx_word' id='word_1_218' title='bbox 1042 1655 1220 1679; x_wconf 88' lang='lat' dir='ltr'>maerorem</span> <span class='ocrx_word' id='word_1_219' title='bbox 1243 1647 1380 1681; x_wconf 83' lang='lat' dir='ltr'>laetitia.</span> 
     </span>
    </p>
   </div>
   <div class='ocr_carea' id='block_1_44' title="bbox 937 1723 1345 1861">
    <p class='ocr_par' dir='ltr' id='par_1_53' title="bbox 937 1723 1345 1861">
     <span class='ocr_line' id='line_1_80' title="bbox 937 1723 1110 1758; baseline -0.017 0"><span class='ocrx_word' id='word_1_220' title='bbox 937 1726 987 1758; x_wconf 86' lang='lat' dir='ltr'>Te</span> <span class='ocrx_word' id='word_1_221' title='bbox 1010 1723 1110 1756; x_wconf 82' lang='lat' dir='ltr'>filiam</span> 
     </span>
     <span class='ocr_line' id='line_1_81' title="bbox 939 1773 1204 1814; baseline -0.004 -8"><span class='ocrx_word' id='word_1_222' title='bbox 939 1773 1086 1814; x_wconf 87' lang='lat' dir='ltr'>Sponsan</span> <span class='ocrx_word' id='word_1_223' title='bbox 1113 1782 1204 1805; x_wconf 85' lang='lat' dir='ltr'>suam</span> 
     </span>
     <span class='ocr_line' id='line_1_82' title="bbox 988 1820 1345 1861; baseline 0 -8"><span class='ocrx_word' id='word_1_224' title='bbox 988 1820 1043 1853; x_wconf 89' lang='lat' dir='ltr'>Sol</span> <span class='ocrx_word' id='word_1_225' title='bbox 1070 1821 1168 1861; x_wconf 75' lang='lat' dir='ltr'>elegit</span> <span class='ocrx_word' id='word_1_226' title='bbox 1190 1821 1345 1854; x_wconf 79' lang='lat' dir='ltr'>iustitiae.</span> 
     </span>
    </p>
   </div>
   <div class='ocr_carea' id='block_1_45' title="bbox 940 1898 1270 1979">
    <p class='ocr_par' dir='ltr' id='par_1_54' title="bbox 940 1898 1270 1979">
     <span class='ocr_line' id='line_1_83' title="bbox 940 1898 1172 1939; baseline -0.009 -8"><span class='ocrx_word' id='word_1_227' title='bbox 940 1899 1034 1931; x_wconf 78' lang='lat' dir='ltr'>Sicca</span> <span class='ocrx_word' id='word_1_228' title='bbox 1064 1898 1172 1939; x_wconf 85' lang='lat' dir='ltr'>tellus,</span> 
     </span>
     <span class='ocr_line' id='line_1_84' title="bbox 988 1945 1270 1979; baseline 0.004 -1"><span class='ocrx_word' id='word_1_229' title='bbox 988 1946 1100 1979; x_wconf 87' lang='lat' dir='ltr'>Rubus</span> <span class='ocrx_word' id='word_1_230' title='bbox 1126 1945 1270 1979; x_wconf 66' lang='lat' dir='ltr'>visionis</span> 
     </span>
    </p>
   </div>
   <div class='ocr_carea' id='block_1_46' title="bbox 936 2023 1340 2112">
    <p class='ocr_par' dir='ltr' id='par_1_55' title="bbox 936 2023 1340 2112">
     <span class='ocr_line' id='line_1_85' title="bbox 936 2023 1136 2055; baseline 0 0"><span class='ocrx_word' id='word_1_231' title='bbox 936 2023 1030 2055; x_wconf 84' lang='lat' dir='ltr'>More</span> <span class='ocrx_word' id='word_1_232' title='bbox 1055 2023 1136 2055; x_wconf 88' lang='lat' dir='ltr'>miro</span> 
     </span>
     <span class='ocr_line' id='line_1_86' title="bbox 990 2071 1340 2112; baseline 0.011 -11"><span class='ocrx_word' id='word_1_233' title='bbox 990 2071 1086 2112; x_wconf 82' lang='lat' dir='ltr'>Virgo</span> <span class='ocrx_word' id='word_1_234' title='bbox 1111 2071 1217 2104; x_wconf 87' lang='lat' dir='ltr'>Deum</span> <span class='ocrx_word' id='word_1_235' title='bbox 1239 2072 1340 2112; x_wconf 87' lang='lat' dir='ltr'>paris.</span> 
     </span>
    </p>
   </div>
   <div class='ocr_carea' id='block_1_47' title="bbox 940 2149 1386 2278">
    <p class='ocr_par' dir='ltr' id='par_1_56' title="bbox 940 2149 1386 2278">
     <span class='ocr_line' id='line_1_87' title="bbox 940 2149 1358 2189; baseline 0 -9"><span class='ocrx_word' id='word_1_236' title='bbox 940 2149 991 2180; x_wconf 84' lang='lat' dir='ltr'>Tu</span> <span class='ocrx_word' id='word_1_237' title='bbox 1016 2149 1101 2189; x_wconf 85' lang='lat' dir='ltr'>regis</span> <span class='ocrx_word' id='word_1_238' title='bbox 1125 2149 1358 2189; x_wconf 83' lang='lat' dir='ltr'>habitaculum,</span> 
     </span>
     <span class='ocr_line' id='line_1_88' title="bbox 940 2197 1182 2229; baseline 0 0"><span class='ocrx_word' id='word_1_239' title='bbox 940 2197 990 2229; x_wconf 89' lang='lat' dir='ltr'>Tu</span> <span class='ocrx_word' id='word_1_240' title='bbox 1016 2197 1182 2229; x_wconf 83' lang='lat' dir='ltr'>vasculum</span> 
     </span>
     <span class='ocr_line' id='line_1_89' title="bbox 990 2244 1386 2278; baseline 0 -1"><span class='ocrx_word' id='word_1_241' title='bbox 990 2244 1037 2277; x_wconf 89' lang='lat' dir='ltr'>Es</span> <span class='ocrx_word' id='word_1_242' title='bbox 1064 2249 1194 2278; x_wconf 81' lang='lat' dir='ltr'>nectare</span> <span class='ocrx_word' id='word_1_243' title='bbox 1219 2246 1386 2278; x_wconf 85' lang='lat' dir='ltr'>imbutum.</span> 
     </span>
    </p>
   </div>
   <div class='ocr_carea' id='block_1_48' title="bbox 941 2323 1407 2463">
    <p class='ocr_par' dir='ltr' id='par_1_57' title="bbox 941 2323 1407 2463">
     <span class='ocr_line' id='line_1_90' title="bbox 941 2323 1403 2366; baseline 0.002 -12"><span class='ocrx_word' id='word_1_244' title='bbox 941 2323 991 2354; x_wconf 90' lang='lat' dir='ltr'>Tu</span> <span class='ocrx_word' id='word_1_245' title='bbox 1016 2323 1118 2354; x_wconf 84' lang='lat' dir='ltr'>omnis</span> <span class='ocrx_word' id='word_1_246' title='bbox 1145 2323 1243 2363; x_wconf 81' lang='lat' dir='ltr'>plena</span> <span class='ocrx_word' id='word_1_247' title='bbox 1268 2324 1403 2366; x_wconf 81' lang='lat' dir='ltr'>grat-iae,</span> 
     </span>
     <span class='ocr_line' id='line_1_91' title="bbox 942 2371 1124 2405; baseline 0 -3"><span class='ocrx_word' id='word_1_248' title='bbox 942 2371 989 2402; x_wconf 85' lang='lat' dir='ltr'>Te</span> <span class='ocrx_word' id='word_1_249' title='bbox 1015 2371 1124 2405; x_wconf 80' lang='lat' dir='ltr'>curiae</span> 
     </span>
     <span class='ocr_line' id='line_1_92' title="bbox 991 2418 1407 2463; baseline 0.007 -12"><span class='ocrx_word' id='word_1_250' title='bbox 991 2418 1184 2453; x_wconf 80' lang='lat' dir='ltr'>Collaudant</span> <span class='ocrx_word' id='word_1_251' title='bbox 1209 2422 1407 2463; x_wconf 80' lang='lat' dir='ltr'>angelorum.</span> 
     </span>
    </p>
   </div>
  </div>
 </body>
</html>
