1656 2690
720 134 984 170 —239—

645 237 714 269 274.
745 237 788 269 De
808 237 916 269 sancto
937 237 1042 270 Petro.

190 308 206 341 1
223 316 252 340 a.
281 309 396 341 Petrus
422 316 559 349 sequens
586 308 759 342 Dominum

277 356 335 388 Fit
360 356 504 397 piscator
525 357 702 399 hominum,

325 404 381 436 Fit
407 405 523 437 retium
550 404 688 449 laxator,

192 484 253 516 221.
279 481 364 513 Dum
394 481 562 515 duodecim
590 484 766 525 gregantur

277 529 322 562 Et
347 530 487 571 apostoli
511 533 678 574 vocantur,

324 579 389 611 Hic
416 581 466 610 est
490 580 615 621 primus
642 588 775 612 canone.

188 657 207 689 3
222 665 251 688 a.
277 655 331 689 Ex
355 656 416 688 hoc
442 656 559 688 Petrus
585 657 770 697 appellatur

276 703 322 736 Et
351 704 508 736 ecclesiae
532 705 660 736 locatur

323 752 595 792 Fundamentum,

323 799 488 840 Spernens
513 801 658 840 ventum,

370 847 537 888 spernens
570 850 683 888 portas
706 846 817 883 inferi.

185 927 249 958 4a.
277 924 342 958 Pro
368 933 404 958 se
421 925 537 958 Petrus
555 927 592 956 ut
608 934 668 965 pro
687 925 817 959 Christo

277 972 416 1006 Censum
441 974 548 1019 solvit,
576 977 613 1005 ut
636 974 670 1006 in
696 975 759 1006 isto

322 1022 479 1054 Declaret
503 1031 539 1054 se
563 1022 731 1055 vicarium.

190 1101 250 1132 5a.
281 1099 374 1131 Vitae
399 1098 584 1131 Dorcadem
612 1099 669 1132 dat
692 1099 791 1142 piam,

276 1147 386 1180 Morte
410 1148 505 1187 punit
529 1148 701 1189 Ananiam,

274 1194 416 1229 Damnat
441 1198 568 1228 trucem
594 1196 774 1237 simoniam,

322 1244 476 1285 Baptizat
501 1245 697 1279 Cornelium.

187 1322 247 1355 6a.
275 1321 362 1353 Hinc
388 1321 551 1354 Romanas
578 1331 669 1354 arces
696 1322 775 1365 adit,

271 1369 383 1403 Simon
411 1378 482 1402 cum
506 1370 640 1403 Nerone
666 1370 773 1411 cadit3

319 1419 423 1451 Versa
450 1428 545 1452 cruce

319 1468 436 1501 Petrus
464 1467 547 1500 duce

369 1517 412 1550 Se
438 1516 596 1549 minorem
622 1515 802 1557 praedicat.

184 1595 243 1626 7a.
270 1593 317 1625 Et
340 1602 399 1626 nos
426 1595 498 1626 tuas
524 1602 611 1636 oves,
640 1594 778 1632 Christe,

271 1642 357 1682 Quas
382 1644 496 1684 pastor
521 1642 666 1682 suscepit
690 1643 762 1683 iste,

321 1690 397 1722 Tibi
422 1690 542 1723 reddat
568 1690 714 1733 caelitus,

888 308 947 343 lb.
974 309 1061 341 Hinc
1086 308 1271 350 praefertur
1295 308 1410 340 ceteris

978 358 1130 398 Claviger
1154 361 1190 389 ut
1214 357 1355 390 aetheris

1023 406 1069 438 Et
1095 406 1209 447 culpae
1235 405 1444 438 condonator.

889 482 950 515 2b.
977 482 1130 525 Verbum,
1150 482 1235 523 quod
1253 491 1288 514 sc
1306 489 1404 514 carne
1420 482 1514 522 celat,

977 531 1085 570 Pater,
1113 540 1176 562 non
1203 539 1278 563 caro
1304 530 1430 562 revelat

1025 579 1139 618 Neque
1163 578 1293 619 sanguis
1319 578 1490 611 Barionae.

886 654 947 688 3b.
975 655 1070 687 Vidit
1093 663 1129 686 se
1154 654 1437 696 transfigurantem

974 703 1019 735 Et
1045 704 1201 735 secretius
1225 705 1381 745 orantem,

1023 751 1218 783 Suscitatam

1024 798 1123 832 Videt
1146 802 1255 831 natam

1069 847 1163 879 Intra
1188 848 1319 880 domum
1344 848 1435 881 Iairi.

885 923 946 958 4b.
974 923 1086 957 Calcat
1110 933 1211 968 mare,
1238 927 1289 956 ter
1315 933 1457 957 amorem

971 973 1095 1005 Passus
1122 973 1219 1005 diluit
1242 973 1385 1013 priorem

1021 1021 1173 1061 Negandi
1194 1022 1243 1054 sic
1268 1023 1460 1055 ternarium.

886 1099 946 1133 5b.
974 1098 1025 1131 Ab
1052 1098 1186 1131 Herode
1213 1102 1398 1132 carceratus

972 1147 1017 1180 Et
1042 1146 1083 1180 ab
1110 1148 1224 1188 angelo
1250 1147 1378 1180 laxatus

973 1195 1166 1228 Antiochiae
1190 1196 1357 1236 praelatus

1020 1243 1140 1276 Turbis
1167 1248 1215 1277 est
1240 1243 1395 1278 fidelium.

884 1320 943 1355 6b.
969 1321 1070 1362 Ergo,
1092 1320 1200 1354 Simon
1222 1321 1350 1365 Petrus,
1370 1322 1510 1366 Cephas,

972 1369 1087 1403 Caelos
1112 1370 1238 1410 pandat
1259 1370 1376 1403 laxans
1402 1369 1512 1413 nefas3

1020 1418 1147 1452 Umbra
1172 1419 1294 1460 quippe

1018 1466 1083 1500 Sua
1109 1467 1221 1508 lippae

1064 1515 1187 1548 Mentis
1206 1514 1336 1548 morbos
1354 1516 1510 1551 medicat.

882 1594 900 1627 ’7
909 1593 941 1626 b.
969 1593 1014 1627 Ut
1039 1594 1164 1626 locetur
1188 1595 1277 1628 intra
1302 1595 1412 1627 caulas

967 1642 1012 1674 Et
1038 1642 1187 1675 caelestis
1214 1643 1319 1684 patris
1347 1644 1438 1676 aulas

1017 1691 1104 1724 Civis
1132 1694 1165 1723 et
1188 1692 1388 1733 proselytus,

251 1765 340 1794 Grad.
362 1774 416 1794 ms.
437 1766 659 1795 Wormatiense
679 1765 714 1804 (?)
738 1775 815 1794 saec.
839 1765 884 1795 13.
926 1765 997 1794 Cod.
1019 1767 1097 1795 Mus.
1121 1766 1291 1795 Germanici
1312 1766 1396 1797 7068.
1417 1768 1452 1795 A.
1474 1783 1512 1788 -—-

171 1806 255 1834 Miss.
277 1805 500 1834 Wormatiense
531 1807 602 1842 imp.
624 1814 647 1833 s.
669 1806 688 1834 1.
711 1808 741 1835 et
765 1814 792 1834 a.
812 1803 919 1842 (1522).
949 1821 987 1825 —
1021 1804 1070 1840 la,
1091 1803 1110 1834 3
1130 1807 1239 1843 Fitque
1258 1806 1319 1834 AB.
1350 1822 1389 1826 —
1418 1806 1472 1844 4a,
1494 1806 1512 1835 2

170 1845 271 1873 solvat
286 1845 324 1873 A.
347 1861 360 1864 -
378 1860 383 1861 ν
404 1844 492 1872 Mel.:
513 1845 618 1873 Mane
638 1847 758 1882 prima
778 1846 938 1874 sabbati.

641 1940 706 1972 275.
737 1939 782 1972 De
802 1941 913 1972 sancto
934 1939 1039 1973 Petro.

180 2013 240 2046 la.
268 2013 436 2054 PrincePS‚
466 2013 532 2046 dux
559 2013 726 2058 ecclesiae,

269 2061 385 2094 Petrus
413 2059 518 2103 fulget
541 2061 641 2094 hodie

316 2111 435 2144 Pastor
461 2109 567 2143 factus
593 2110 719 2152 ovium,

178 2191 240 2222 2a.
269 2188 384 2222 Claves
407 2190 498 2221 tenes
522 2197 608 2222 nunc
634 2189 808 2229 caelorum,

268 2238 375 2279 Super
400 2241 520 2271 terram
549 2238 744 2281 populorum

314 2287 431 2332 Solvis,
460 2287 542 2329 ligas
567 2287 710 2328 animas3

178 2367 238 2400 3a.
267 2364 381 2399 Calcat
405 2375 496 2399 mare
521 2365 698 2408 gressibus,

269 2414 375 2450 Paene
401 2424 541 2448 mersum
566 2412 719 2447 fiuctibus

317 2463 466 2497 Christus
493 2464 651 2510 elevavit3

883 2012 943 2047 lb.
970 2013 1058 2046 Pisci
1082 2012 1161 2045 iacit
1184 2013 1279 2054 retia,

966 2062 1051 2095 Iecit
1076 2062 1119 2094 ad
1147 2061 1285 2103 imperia

1014 2111 1060 2144 Et
1083 2110 1127 2143 ad
1152 2114 1276 2144 mentes
1302 2112 1454 2144 omnium.

881 2188 940 2223 212.
970 2189 1067 2223 Solve
1093 2189 1200 2222 vincla
1227 2189 1430 2232 delictorum,

970 2239 1087 2272 Pastor
1113 2239 1264 2280 clemens,
1291 2237 1497 2272 adflictorum

1014 2286 1110 2328 Vide,
1137 2290 1228 2329 terge
1252 2287 1416 2321 lacrimas.

879 2365 939 2401 3b.
966 2366 1070 2399 Piscis
1101 2374 1136 2398 os
1163 2365 1293 2407 aperuit

968 2414 1193 2455 Stateremque
1219 2415 1378 2456 repperit,

1016 2463 1197 2505 Didragma
1224 2463 1368 2497 donavit.
