1656 2690
675 118 939 155 —165-

175 216 236 250 8a.
263 215 352 257 Ergo
377 216 476 249 lauda
503 216 537 249 in
563 216 626 249 hac
652 217 715 258 die,

261 265 331 305 Qua
356 265 505 298 caelestis
530 265 735 299 hierarchiae

312 315 464 354 Aguntur
489 314 668 350 sollemnia.

173 392 234 425 9a.
261 391 378 424 Lauda
403 395 548 425 sanctum
575 392 731 426 Evasium

261 439 342 473 Eius
369 448 506 481 poscens
531 439 731 484 suffragium,

310 488 408 522 Plebs
436 497 546 530 egena,

150 565 193 599 10
207 574 237 598 a.
264 567 383 599 Pastor
408 566 492 599 bone

260 615 311 647 Ac
335 617 483 660 patrone,

307 663 413 696 Tuum
438 672 568 705 gregem

308 711 407 751 Apud
434 720 543 753 regem

355 759 597 793 Recommenda
620 759 735 792 sedula

214 834 340 863 Ioannis
370 835 508 863 Andreae
536 835 617 863 Irici.
642 859 648 862 .
669 835 705 862 de
731 835 761 863 S.
792 835 914 863 Evasio.
939 859 945 862 .

873 218 933 253 8b.
960 218 1090 262 Trinae‚
1118 217 1255 258 simplae
1273 215 1479 249 monarchiae

960 267 1048 300 Odas
1075 266 1186 299 demus
1212 265 1372 299 melodiae

1009 316 1054 348 Et
1079 315 1145 347 oris
1171 315 1335 356 obsequia.

875 393 935 427 9b,
961 392 1076 426 Lauda
1104 393 1218 425 ducem
1243 391 1426 433 mirificum,

961 440 1078 474 Lauda
1104 443 1137 473 et
1162 440 1263 474 civem
1292 440 1445 473 caelicum

1009 490 1122 522 Mente
1146 490 1254 530 plena.

851 567 933 602 10b.
961 567 1032 599 Tua
1055 575 1164 610 prece,

961 616 1009 649 Ut
1033 626 1053 648 a
1077 624 1157 647 nece

1009 663 1158 697 Liberati

1007 712 1053 745 Et
1076 711 1229 744 translati

1054 760 1237 802 Regnemus
1262 760 1296 792 in
1322 760 1461 792 saecula.

969 859 975 862 .
997 835 1168 863 dissertatio
1199 834 1474 864 historico-critica.

136 873 303 902 Mediolani
328 872 413 910 1748,
433 883 463 911 p.
487 872 554 908 225,
586 874 664 902 nach
686 873 898 902 Chorbiichern
917 882 978 901 von
1000 873 1114 902 Oasale.
1135 890 1174 894 ——
1194 874 1252 902 Die
1272 874 1403 902 Melodie
1424 873 1476 902 der

138 913 275 950 Sequenz
297 920 359 941 war
380 913 658 950 augenscheinlich:
682 913 725 942 Iu
745 912 904 941 caelesti
924 912 1141 941 hierarchia.

149 1127 208 1161 1a.

145 1303 206 1334 2a.

147 1477 206 1510 Sa.

144 1653 206 1687 4a.

143 1830 204 1862 5a.

142 2006 202 2039 6a.

143 2182 203 2216 7a.

142 2358 202 2392 Sa.

569 1045 631 1077 186.
663 1046 705 1077 De
726 1046 839 1077 sancto
860 1044 1040 1086 Evergislo.

235 1127 339 1159 Adest
369 1127 438 1160 dies
462 1127 616 1168 laetitiae,

235 1176 272 1208 In
302 1184 364 1217 quo
390 1176 481 1209 sidus
503 1175 646 1208 iustitiae

282 1223 458 1264 Fulgidum
485 1225 630 1267 emicuit,

231 1301 433 1343 Evergislus,
460 1301 530 1334 Deo
556 1304 679 1343 gratus,

232 1350 436 1391 Agrippinae
458 1353 572 1390 pastor
598 1351 702 1389 datus,

281 1396 504 1432 Inflammatus
531 1399 677 1441 caelitus,

234 1476 299 1508 Hic
324 1476 438 1509 salutis
463 1475 501 1508 fit
525 1477 692 1518 speculum

230 1525 424 1565 Morumque
449 1526 672 1565 spectaculum

281 1573 425 1614 Sequens
452 1574 664 1616 evangelium.

234 1652 320 1684 Dum
345 1652 462 1684 missus
488 1662 508 1685 a
534 1652 672 1686 Domino

235 1701 350 1733 Pacem
377 1702 585 1741 procurando
610 1701 741 1744 populo,

281 1749 364 1783 Iusti
390 1750 520 1790 sanguis
543 1749 701 1793 funditur,

234 1826 358 1860 Christi
383 1826 489 1860 factus
516 1831 566 1860 est
590 1827 707 1869 hostia,

232 1876 403 1909 Caelorum
431 1877 550 1909 transit
575 1877 660 1909 ostia

281 1925 360 1959 Cum
385 1926 497 1966 palma
521 1926 683 1967 martyrii.

231 2003 310 2037 Loci
335 2003 424 2037 illius
446 2003 582 2046 perfusa

231 2052 324 2086 Sacri
351 2062 465 2086 cruore
490 2053 637 2095 gramina

278 2102 352 2135 Non
378 2102 523 2143 perdunt
547 2102 759 2137 viriditatem.

230 2180 337 2224 Felix,
366 2189 426 2221 per
452 2189 546 2222 quem
573 2181 693 2222 gaudia

228 2230 377 2263 Militans
404 2230 543 2263 ecclesia

278 2279 416 2312 Sumens
441 2279 617 2320 exaltatur,

231 2357 416 2391 Laudemus
443 2367 520 2399 ergo
546 2357 718 2391 mirificum

231 2405 420 2441 Pontificem
448 2407 653 2449 Evergislum

277 2456 390 2489 Mente
414 2465 507 2498 pura,

846 1127 905 1161 1b.

848 1302 908 1335 2b.

846 1477 906 1511 31).

843 1652 902 1686 4b.

844 1828 902 1862 5b.

843 2004 902 2038 6b.

846 2181 907 2216 7b.

842 2357 903 2392 8b.

932 1127 983 1161 De
1009 1125 1182 1168 profundis
1207 1127 1413 1159 tenebrarum

934 1175 1099 1210 Divinitas
1123 1176 1234 1207 lumen
1260 1176 1383 1208 clarum

982 1225 1096 1258 Ortum
1121 1224 1242 1257 mundo
1269 1224 1396 1258 claruit.

934 1300 1474 1344 Firmansfidem‚formansmores‚

932 1350 1030 1392 Legis
1055 1359 1168 1383 sacrae
1193 1359 1403 1390 perversores

981 1398 1155 1440 Superavit
1182 1399 1322 1441 penitus⁸

934 1478 1042 1520 Salve,
1070 1485 1195 1517 gemma
1221 1476 1453 1519 confessorum,

930 1525 1068 1560 Praesul
1093 1528 1126 1557 et
1150 1526 1207 1558 lux
1231 1529 1423 1567 martyrum,

981 1575 1046 1608 Vas
1070 1574 1226 1607 virtutum
1251 1573 1403 1608 omnium.

930 1653 961 1686 A
986 1652 1133 1693 profanis
1158 1651 1307 1685 manibus

930 1701 1131 1742 Evergislus,
1159 1701 1210 1734 vir
1237 1700 1394 1743 egregius,

979 1750 1117 1784 Invasus
1143 1749 1315 1785 occiditur.

932 1829 1035 1869 Aegri
1061 1831 1196 1862 currunt
1219 1830 1252 1860 et
1277 1830 1441 1873 curantur,

932 1878 1039 1919 Caeci,
1069 1877 1176 1910 claudi
1203 1880 1399 1917 reparantur

978 1927 1110 1959 Meritis
1135 1926 1310 1967 Evergisli.

930 2004 989 2046 Qui
1015 2008 1048 2037 te
1073 2007 1199 2045 patrem
1226 2007 1432 2044 venerantur,

932 2053 979 2086 Te
1006 2050 1166 2098 ductor[e]
1195 2058 1433 2094 consequantur

979 2103 1156 2135 Aeternam
1180 2101 1380 2136 felicitatem.

934 2180 986 2214 De
1012 2181 1101 2213 cuius
1127 2181 1313 2221 praesentia

931 2230 1052 2263 Sancta
1077 2239 1163 2262 nunc
1189 2228 1323 2263 Colonia

979 2279 1064 2311 Tota
1088 2279 1281 2320 gratulatur.

930 2357 983 2391 Ex
1010 2357 1100 2390 cuius
1126 2366 1182 2389 ore
1206 2359 1243 2389 ut
1267 2357 1324 2390 nix
1349 2356 1425 2390 alba

931 2406 1097 2440 Processit
1120 2406 1164 2439 ad
1189 2405 1257 2439 alta
1281 2405 1436 2439 tendens-

979 2464 1041 2497 que
1067 2454 1226 2489 columba.
