1656 2690
182 230 242 260 2a.

182 451 243 483 3a.

183 672 246 704 4a.

182 894 241 926 5a.

184 1117 243 1148 6a.

184 1338 243 1370 7a.

181 1559 241 1591 8a.

181 1783 240 1815 9a.

174 2257 234 2291 la.

705 129 968 164 —178—

269 224 320 261 Ex
345 226 500 267 prosapia
523 226 671 259 Romana

271 275 390 315 Spreta
414 274 527 306 mundi
552 283 671 315 pompa
696 283 780 307 vana

270 324 309 357 In
336 322 484 356 doctrina
509 322 686 355 christiana

319 370 500 413 Vigilanter
525 371 660 403 studuit.

270 445 374 489 Virgo
400 448 529 479 saeculo
555 448 674 488 pusilla

270 496 352 529 Eius
378 496 477 529 amita
501 496 657 534 Tarsilla,

268 544 339 577 Deo
366 544 503 585 vigilans
526 545 655 584 ancilla,

318 594 413 626 Vidit
435 592 544 625 Iesum
571 592 720 627 dulciter.

273 668 471 705 Monasteria
497 670 678 703 construxit

269 720 320 752 Ac
345 719 520 760 prudentia
545 717 692 759 adfluxit,

268 767 496 800 Monachalem
522 767 620 799 vitam
648 767 741 799 duxit

317 815 554 856 Derelinquens
579 815 695 849 omnia.

269 890 428 926 Eruditus
453 893 486 924 in
513 894 635 924 virtute

268 942 300 974 A
324 942 491 982 primaeva
515 941 680 973 iuventute

268 989 338 1022 Iter
361 989 485 1022 vadens
508 990 583 1021 viae
606 992 696 1021 tutae

317 1037 486 1070 Devitavit
510 1037 655 1070 crimina.

270 1111 397 1148 Videns
423 1122 539 1155 pueros
564 1114 754 1156 Anglorum,

272 1163 428 1196 Pulchros
454 1162 545 1194 vultu
569 1163 766 1203 angelorum,

270 1211 350 1243 Mox
373 1210 522 1243 misertus
550 1213 599 1242 est
624 1219 734 1243 eorum

318 1258 519 1299 Suspirando
544 1260 696 1299 graviter.

269 1334 375 1370 Recta
399 1335 544 1368 scribens
570 1339 658 1367 recte
685 1336 777 1377 dixit,

269 1384 336 1423 Quo
362 1383 530 1416 malivolos
556 1382 693 1425 adflixit,

272 1433 336 1466 Sed
364 1432 518 1464 correctis
544 1431 711 1464 benedixit

320 1480 436 1512 Pastor
461 1479 563 1511 bonus
590 1480 746 1514 omnibuS.

268 1555 415 1592 Monstra
434 1555 514 1589 fecit
537 1557 571 1589 in
596 1558 658 1590 hac
683 1558 751 1590 vita

271 1607 373 1638 Verus
398 1605 452 1638 hic
477 1606 636 1647 Israelita,

270 1655 363 1695 Quod
389 1654 539 1695 cognovit
565 1655 699 1686 eremita

316 1703 369 1736 Ex
395 1702 505 1735 divina
528 1703 643 1743 gratia.

266 1782 335 1815 Aes
360 1781 393 1813 in
419 1780 508 1812 zonis
533 1789 597 1812 non
624 1782 785 1822 compegit

270 1829 334 1862 Sed
359 1828 557 1870 pauperibus
583 1829 719 1870 redegit,

269 1878 369 1918 Quem
395 1877 540 1909 salvator
563 1878 743 1919 praeelegit

319 1927 479 1967 Organum
505 1924 702 1958 mellifluum.

876 227 935 261 2b.

878 449 937 482 3b.

877 670 938 706 4b.

877 893 936 926 510.

876 1115 936 1149 6b.

876 1337 934 1370 7b.

877 1558 938 1592 8b.

877 1781 936 1815 9b.

964 226 1090 262 Rhetor
1114 237 1247 269 magnus
1274 231 1304 259 et
1337 227 1481 259 urbanus

965 276 1063 309 Cuius
1088 280 1183 319 pater
1209 275 1405 316 Gordianus,

965 324 1070 366 Felix,
1097 323 1245 365 pontifex
1271 324 1446 366 Romanus,

1014 374 1139 405 Atavus
1165 373 1378 413 resplenduit.

964 447 1086 484 Uivens
1113 450 1214 482 Silvia
1241 450 1389 482 caelestis

963 498 1074 531 Mater
1099 498 1203 539 huius,
1234 498 1331 540 digna
1355 499 1466 539 gestis,

965 545 1056 577 Fixit
1081 554 1136 578 cor
1161 547 1302 578 aeternis
1329 544 1422 578 festis

1014 594 1146 626 Finiens
1171 592 1323 629 feliciter.

966 668 1033 706 Sed
1060 680 1132 703 cum
1159 674 1291 712 cuperet
1316 672 1444 704 sincere

964 720 1050 752 Mori
1077 719 1201 751 cunctis
1228 723 1259 751 et
1282 720 1394 763 latere,

964 768 1147 808 Cogebatur
1171 777 1332 807 apparere

1010 816 1058 849 Ut
1080 813 1140 848 fios
1165 815 1251 847 inter
1276 816 1356 850 lilia.

964 890 1154 926 Retexendo
1182 893 1359 925 cantilenas

964 941 1153 973 Sublevavit
1177 939 1278 972 febris
1305 950 1436 983 poenas,

963 989 1051 1022 Odas
1075 988 1206 1021 addidit
1229 997 1380 1021 amoenas

1015 1038 1075 1070 Per
1100 1037 1283 1076 scripturae
1309 1037 1462 1069 carmina.

965 1111 990 1148 Ο
1018 1112 1203 1155 pontificem
1229 1113 1368 1154 beatum,

964 1163 1028 1195 Per
1045 1163 1225 1195 columnam
1245 1162 1500 1195 demonstratum

962 1211 1009 1243 Et
1033 1221 1052 1243 a
1077 1209 1234 1251 naufrago
1260 1210 1434 1250 probatum

1011 1259 1152 1300 Dignum
1177 1258 1387 1291 mirabiliter!

962 1333 1051 1377 Uigil
1077 1337 1139 1368 iste
1163 1338 1294 1367 sanctus
1320 1334 1392 1376 fuit,

963 1385 1024 1424 Qui
1049 1388 1085 1416 ut
1106 1383 1208 1415 nubes
1233 1393 1349 1425 magna
1373 1385 1460 1425 pluit

962 1432 1007 1465 Et
1030 1436 1067 1464 ut
1090 1441 1143 1464 ros
1171 1432 1211 1464 de
1237 1433 1325 1464 caelo
1351 1433 1428 1475 ruit,

1013 1481 1111 1514 Utilis
1137 1479 1299 1514 fidelibus,

965 1555 1053 1591 Deus
1080 1557 1159 1589 fecit
1183 1557 1264 1589 Levi
1285 1561 1416 1598 pactum

964 1606 1033 1638 Nec
1058 1606 1217 1646 paenituit
1242 1609 1442 1638 transactum

966 1655 1060 1688 Pacis
1086 1658 1182 1694 atque
1208 1654 1295 1686 vitae
1320 1653 1442 1687 factum

1013 1703 1090 1736 Cum
1116 1702 1246 1734 honoris
1273 1703 1387 1743 gloria.

964 1778 1068 1815 Istum
1096 1781 1308 1820 deprecemur
1332 1784 1480 1814 sanctum

966 1830 1034 1862 Nos
1060 1830 1216 1867 viventes,
1243 1829 1312 1861 vita
1336 1833 1472 1873 tantum,

966 1878 1012 1911 Ut
1037 1881 1200 1910 cantemus
1227 1878 1301 1917 agni
1328 1883 1457 1910 cantum

1014 1927 1109 1959 Nunc
1135 1928 1168 1957 et
1192 1926 1225 1957 in
1251 1930 1455 1966 perpetuum.

247 2003 331 2030 Miss.
345 2011 400 2031 ms.
414 2001 599 2029 Belisianum
613 2010 689 2030 saec.
706 2001 750 2030 15.
782 2003 853 2032 Cod.
864 2004 1040 2032 Bruxellens
1055 2000 1218 2031 9786—90.
1233 2018 1273 2022 —
1286 2003 1504 2032 Akrostichon:

172 2041 196 2069 O
217 2050 363 2069 servum
383 2048 576 2069 servorum
596 2041 675 2069 Dei.

614 2175 675 2207 201.
711 2176 754 2207 De
775 2176 886 2208 sancta
905 2176 1068 2218 Hedwige.

271 2256 435 2297 Consurge
458 2254 610 2297 iubilans,

269 2306 341 2338 Vox
367 2304 500 2346 quaevis
525 2303 700 2345 hominum,

269 2353 463 2393 Laudesque
488 2360 643 2385 resonans

268 2403 363 2436 More
387 2400 532 2435 fidelium

269 2451 396 2485 Christo
423 2450 632 2489 credentium,

880 2257 939 2293 1b.

966 2257 1133 2299 Hedwigis
1157 2257 1292 2289 inclitae

964 2307 1050 2339 Dum
1075 2306 1160 2338 festa
1184 2305 1313 2348 recolis,

963 2354 1015 2386 De
1041 2355 1130 2386 cuius
1155 2353 1279 2385 meritis

965 2403 1085 2444 Angeli
1109 2401 1208 2434 hodie

965 2450 1177 2492 Gongaudent
1199 2449 1234 2483 in
1261 2450 1369 2485 caeIiS.
