1656 2690
679 115 917 151 *31—

146 212 208 246 3a.
235 211 445 246 Monumenta
471 217 586 255 aperta
840 217 900 250 3b.
926 216 1107 252 Descendit
1132 219 1288 253 Dominus
1315 222 1358 254 ad

231 264 316 305 sunt,
342 267 376 295 et
399 262 453 304 qui
478 263 688 303 dormierant,
926 265 1099 308 infernum,
1128 273 1164 301 ut
1189 269 1297 302 fuerat

230 313 450 345 surrexerunt.
926 317 1167 358 prophetatum.

133 387 200 419 4a.
228 387 410 430 Hominem,
840 383 900 417 4b.
928 384 1111 426 Prophetae

230 444 324 476 quem
350 436 483 478 fecerat,
509 439 581 481 ipse
928 435 1096 467 audientes
1121 436 1227 477 ipsum

229 485 271 517 ad
299 487 406 519 caelos
433 495 550 520 vocare
927 482 960 514 ill
987 483 1106 525 gaudio
1131 494 1245 527 magno

234 533 384 574 dignatus
410 538 469 568 est,
929 531 1146 567 exsultabant.

146 612 205 647 53..
233 611 334 650 Quale
841 610 900 643 5b.
927 611 1009 651 Quia

232 660 359 701 signum
387 661 479 694 dedit
504 663 634 704 latroni,
927 660 1070 692 surrexit
1094 659 1183 692 Deus
1211 669 1285 693 vere

233 709 287 749 qui
313 719 385 742 cum
410 711 484 751 ipso
511 711 619 744 fuerat
643 712 677 744 in
929 710 962 739 et
987 708 1141 749 apparuit
1167 709 1289 742 Simoni

232 760 345 790 cruce!
927 756 1035 797 Petro,

141 835 202 870 Ga.
231 834 405 869 Cherubim
430 836 463 869 in
490 837 643 878 paradiso
839 832 897 866 6b.
926 834 1042 867 Vectes
1068 833 1192 868 ferreos
1218 834 1387 879 confregit,

232 886 435 926 congaudent
459 886 619 919 latronem
927 885 959 914 et
983 884 1101 916 multas
1127 885 1251 918 animas

231 933 274 966 ad
301 943 337 966 se
362 931 598 978 (per)ductum.
926 930 1089 966 liberavit.

140 1011 158 1043 7
172 1020 200 1043 a.
231 1011 311 1043 Inde
338 1014 482 1045 excussit
505 1013 754 1057 protoplastum,
838 1009 896 1042 'Vb-
923 1009 1042 1050 Electi,
1068 1020 1147 1051 quos
1172 1012 1219 1044 ibi
1244 1012 1380 1054 invenit,

230 1060 285 1099 qui
310 1064 447 1093 mortem
472 1071 581 1094 morsu
925 1067 982 1090 suo
1008 1068 1117 1092 morsu
1143 1057 1242 1104 [hinc]

231 1099 404 1143 ceciderat.
926 1110 1064 1141 extracti
1090 1112 1176 1143 sunt.

423 1189 456 1222 8.
479 1189 511 1221 A
535 1187 630 1221 fauce
655 1187 779 1221 inferni
799 1187 897 1220 electi

481 1245 552 1269 cum
578 1246 615 1269 eo
641 1239 854 1269 surrexerunt
878 1235 986 1269 hodie.

478 1285 632 1329 Alleluia,
660 1285 813 1325 Alleluia,
841 1284 993 1328 Alleluia,
1019 1284 1172 1319 Alleluia.

207 1370 296 1407 Trop.
311 1380 355 1399 ms
379 1371 542 1400 casinense
555 1380 632 1399 saec.
648 1370 694 1399 11.
711 1371 782 1400 Cod.
798 1372 935 1399 Vatican·
953 1371 1060 1399 Urbin.
1075 1368 1141 1399 602.
1163 1386 1198 1390 -
1220 1369 1276 1405 Sl),
1290 1369 1310 1399 2
1340 1374 1411 1400 icut.
1425 1386 1464 1391 --

132 1407 185 1444 51),
200 1408 218 1437 2
238 1409 394 1439 Dominus.
416 1426 453 1430 —
474 1410 528 1446 7b,
546 1409 561 1439 1
581 1411 712 1440 Eiectos.
732 1425 770 1430 —
790 1411 852 1438 Der
874 1410 1073 1439 stellenweise
1092 1412 1223 1446 gesttirte
1235 1409 1463 1439 Parallelismus

129 1449 171 1475 ist
191 1456 244 1476 aus
265 1448 322 1477 den
339 1450 475 1479 Neumen
495 1450 586 1478 kaum
607 1459 644 1478 zu
663 1450 822 1479 ermitteln.

528 1564 574 1597 26.
605 1564 641 1596 In
661 1563 907 1596 Resurrectione
929 1563 1061 1596 Domini.

139 1657 200 1692 la.
224 1656 262 1689 In
289 1666 348 1688 ara
374 1656 479 1689 crucis
506 1656 646 1689 hostiam
838 1656 897 1691 ib.
925 1657 992 1689 Iam
1019 1657 1124 1690 victor
1141 1656 1290 1690 Christus
1309 1657 1463 1691 barathro

223 1713 260 1737 se
284 1714 345 1747 pro
369 1704 465 1738 nobis
491 1705 640 1738 Christus
922 1706 1091 1746 populate,
1116 1706 1232 1738 mortis

223 1753 343 1786 obtulit-
367 1754 437 1787 Deo
462 1755 551 1795 patri
921 1755 1071 1795 principe
1096 1754 1270 1798 vinculato,

222 1805 328 1835 morte
353 1812 412 1836 sua
437 1806 547 1836 nostra
922 1803 962 1835 ab
988 1802 1104 1836 inferis
1129 1812 1249 1844 pompa

220 1851 420 1885 mortificans
446 1852 593 1885 crimina.
922 1853 1107 1893 regreditur
1132 1852 1244 1886 nobili.

138 1943 198 1975 2a.
225 1940 318 1973 Haec
343 1943 393 1974 est
418 1940 498 1982 dies,
525 1949 608 1982 quae
632 1941 743 1973 illuxit
835 1941 892 1975 2b.
923 1939 1071 1973 Christus
1096 1940 1130 1972 in
1157 1950 1220 1981 qua
1244 1941 1424 1973 resurrexit

222 1993 298 2031 post
320 1989 545 2023 turbidissima
570 1990 660 2031 regni
921 1989 1009 2022 ultra
1030 1990 1173 2023 vieturur
1202 1999 1272 2022 cum
1301 1999 1398 2022 carne

225 2038 420 2079 Aethiopum
447 2042 614 2082 tempora,
922 2038 964 2071 de
988 2038 1097 2071 Maria
1120 2038 1264 2082 virgine,

512 2129 543 2163 3.
571 2126 633 2167 Qui
658 2136 751 2161 ovem
777 2135 847 2159 cum
873 2126 991 2169 gaudio

571 2177 670 2219 patri,
698 2184 793 2218 quem
818 2175 1021 2219 perdiderat,

572 2234 683 2258 umero
709 2225 838 2258 revexit
862 2233 931 2258 suo.

202 2313 291 2342 Grad.
314 2322 367 2341 ms.
388 2312 590 2350 Zagrabiense
611 2320 686 2341 saec.
712 2310 756 2341 15.
793 2312 863 2341 Oed.
886 2312 1054 2341 cathedral.
1075 2313 1251 2349 Zagrabien.
1274 2321 1297 2340 s.
1318 2322 1347 2340 n.
1369 2313 1404 2341 A.
1429 2327 1462 2331 —-

123 2352 208 2380 Miss.
235 2361 288 2380 ms.
310 2352 511 2390 Zagrabiense
536 2353 608 2380 anni
635 2350 718 2380 1495.
761 2351 832 2380 Cod.
854 2352 1022 2380 Cathedral.
1049 2353 1225 2389 Zagrabien.
1247 2352 1296 2380 LV
1320 2350 1347 2380 3.
1369 2353 1403 2380 B.
1425 2368 1434 2372 -

123 2390 208 2419 Miss.
230 2391 431 2428 Zagrabiense
457 2393 528 2428 imp.
554 2391 692 2419 Venetiis
721 2389 807 2419 1511.
833 2390 864 2419 C.
892 2406 912 2411 μ
955 2390 1005 2426 ib,
1028 2390 1045 2420 5
1074 2391 1224 2428 egreditur
1247 2392 1279 2418 Β.
1306 2406 1343 2410 -
1369 2390 1424 2424 22,
1445 2389 1464 2418 2

125 2431 244 2458 turbida
264 2430 350 2459 ABG.
378 2445 415 2450 -—-
442 2428 495 2465 2b,
519 2430 534 2458 1
557 2432 687 2459 surrexit
706 2431 740 2459 B.
767 2445 806 2449 —-
831 2428 884 2467 210,
909 2428 923 2457 1
946 2439 989 2467 sq.
1011 2429 1111 2459 fehlen
1133 2431 1165 2460 O.
1192 2446 1231 2450 —-
1257 2428 1311 2464 212,
1333 2428 1351 2459 3
1374 2438 1464 2467 quam

124 2469 253 2506 sumpsit
272 2469 309 2498 de
329 2469 361 2498 O.
