1656 2690
714 146 977 182 -196-

194 250 255 280 2a.
278 246 357 288 Lao,
385 246 473 278 cuius
498 245 625 285 piscina

188 518 249 550 Sa.

187 788 247 820 4a.

186 1107 249 1138 5a.

183 1663 242 1695 6a.

185 2174 243 2206 7a.

182 2348 242 2381 8a.

281 293 350 326 Nos
376 303 396 326 a
421 293 548 325 sentina

280 341 391 374 Solvat
418 344 451 373 et
475 350 494 373 a
519 340 614 380 spina

277 390 410 432 culpae,
438 389 535 421 corda
559 391 674 428 pascat
690 387 817 429 agnina,

275 438 421 478 Praesta,
431 437 519 470 Costi
529 441 616 477 nata,
624 436 817 470 Katharina.

279 514 431 556 Spongia,
459 523 588 554 sponsa,

325 563 388 595 olei
414 560 478 607 (tu)
504 563 599 603 placa
624 570 789 602 sponsum,

285 612 326 645 Ut
353 613 409 644 det
432 612 520 652 pium
546 619 735 651 responsum

279 659 425 693 Nardum
450 658 647 702 petentibus,

283 707 414 741 Caelum
440 708 655 748 pulsantibus.

274 786 324 817 Tu
352 785 509 819 duodenis

322 835 426 866 stellis
452 842 485 865 es
513 832 731 874 circumpicta,

276 882 352 915 Sole
375 882 505 919 amicta,

274 930 374 963 Dicta
398 930 570 962 benedicta

278 978 481 1018 Calcansque
506 986 576 1009 cum
601 978 679 1009 luna

320 1026 459 1058 omnium
489 1025 618 1058 delicta.

274 1103 444 1143 Ingeniola

271 1151 321 1183 Tu
346 1151 431 1192 regis
459 1150 577 1182 decora

323 1207 356 1231 es
381 1198 492 1237 filiola,

273 1247 363 1279 Tuae
387 1246 504 1279 mentis
530 1246 612 1279 mira

322 1295 502 1334 scientiola,

273 1344 362 1383 Quae
385 1345 456 1375 sine
479 1351 571 1374 mora

271 1392 388 1423 Vatum
416 1392 590 1423 commutat
614 1400 672 1422 ora

271 1440 460 1480 Prostrata3
487 1438 574 1470 omni
597 1439 679 1471 hora

271 1487 317 1520 Ut
341 1488 506 1521 humiliter

273 1535 397 1576 Sponso
421 1536 601 1578 iungamur,
629 1544 696 1576 ora,

276 1584 512 1617 commorando
537 1582 755 1616 aeternaliter.

271 1661 379 1694 Grave
405 1662 546 1694 edietum

273 1711 394 1751 Virgae
418 1719 479 1752 per
503 1712 625 1742 tactum

270 1757 374 1799 Muta,
401 1761 438 1790 tu
461 1758 495 1790 in
520 1758 646 1791 throm's

273 1807 353 1839 Veri

271 1856 418 1895 Assueri,

268 1903 320 1935 De
345 1904 476 1936 summis
504 1903 597 1935 donis

270 1951 460 1984 Salomonis.

272 1999 394 2040 Regem
418 1998 620 2032 Maxentium

273 2047 435 2080 Contrivit
459 2050 572 2079 saneta

319 2095 430 2127 iuncta
454 2095 535 2127 caeli
562 2095 692 2128 colonis.

270 2172 360 2205 Audi
384 2181 454 2213 nos,

270 2220 354 2252 Nam
380 2223 414 2252 te
438 2220 582 2252 salvator

318 2269 400 2301 nihil
424 2276 545 2308 negans
569 2267 719 2301 honorat.

269 2346 322 2379 Da
347 2346 470 2379 fontem
494 2345 571 2378 boni
596 2346 712 2386 visere,

270 2395 323 2428 Da
349 2405 450 2437 puros
475 2395 592 2427 mentis
618 2394 727 2426 oculos

317 2444 351 2477 in
378 2446 412 2476 te
438 2441 588 2485 defigere,

886 245 946 279 ab.

886 513 945 547 3b.

884 783 944 817 4b.

884 1101 943 1134 5b.

880 1661 941 1695 eb.

879 2174 939 2207 7b.

881 2348 940 2382 8b.

975 246 1100 289 Vinum,
1128 246 1309 279 columbina

972 294 1040 334 Quo
1065 295 1161 327 rubet
1183 303 1275 338 gena,

973 342 1080 374 Pallet
1102 343 1300 386 serpentina,

973 389 1036 422 Est
1047 391 1176 431 sanguis
1190 391 1322 429 Christi,
1337 388 1510 423 medicina.

975 436 1043 475 Qua
1073 441 1276 471 restauratur
1302 438 1383 470 caeli
1409 436 1513 470 ruina.

971 515 1075 553 Aperi
1102 515 1231 547 Christo

1025 563 1078 594 die
1101 563 1165 595 isto
1191 564 1332 596 omnium

975 609 1103 651 Preces,
1130 610 1248 643 victrix
1272 612 1424 652 hostium,

973 657 1056 691 Esto
1082 658 1182 691 robur
1209 659 1422 699 dementibus,

973 706 1124 739 Solamen
1148 705 1312 741 flentibus.

970 784 1070 824 Audi,
1096 783 1173 828 filia,

1019 835 1138 873 grates,
1166 834 1285 866 exaudi
1311 832 1441 874 fratres,

971 880 1103 913 Adiuva
1128 883 1248 924 patres,

971 928 1147 961 Consolare
1170 932 1301 971 matres,

970 975 1058 1014 Quae
1082 979 1219 1017 propter
1243 978 1334 1009 idola

1018 1023 1095 1056 fieta
1120 1033 1153 1055 es
1178 1022 1320 1057 adflicta.

970 1101 1134 1133 Inviolata

969 1149 1080 1190 Virgo,
1106 1149 1191 1190 regis
1215 1149 1267 1182 ira

1018 1206 1051 1229 es
1075 1197 1243 1230 immolata

967 1244 1043 1278 Una
1069 1255 1139 1277 cum
1164 1245 1293 1291 regina3

1016 1297 1054 1326 ut
1078 1294 1207 1326 radiata

968 1339 1082 1383 Stella,
1109 1342 1229 1382 puella,

967 1389 1103 1422 Loearis
1129 1391 1210 1422 caeli
1238 1391 1332 1431 cella,

965 1438 1136 1470 Proiectus
1163 1447 1234 1470 eum
1260 1439 1305 1472 sit
1329 1448 1369 1472 ex
1394 1440 1452 1471 illa

966 1486 1074 1528 Digne
1095 1486 1231 1529 lucifer3

967 1535 1076 1574 Ipsum
1102 1544 1232 1576 semper
1258 1536 1387 1568 debella

968 1583 1070 1623 Opem
1097 1583 1205 1616 ferens
1231 1584 1422 1617 liberaliter.

969 1661 1085 1694 Cordis
1113 1662 1175 1694 duo
1201 1659 1264 1706 (in)
1291 1663 1420 1695 hortum

969 1709 1084 1742 Nostri
1111 1710 1264 1743 dilectum

969 1760 1020 1790 Ae
1044 1759 1163 1799 signati
1187 1757 1287 1792 fontis

966 1806 1128 1847 Hydriam

963 1854 1079 1887 Flecte
1103 1856 1237 1896 sanetis,

967 1903 1085 1937 Utrem
1106 1904 1258 1936 iumentis

967 1951 1096 1984 Praebe
1122 1952 1265 1994 eunetis,

967 2000 1080 2041 Iugum
1106 2000 1287 2033 Pharaonis

967 2046 1073 2087 Solve,
1101 2047 1216 2089 frange
1241 2050 1348 2083 vincla

1014 2097 1100 2137 regis
1126 2097 1316 2138 Babylonis.

967 2173 1065 2207 Salva
1089 2184 1159 2216 nos,

966 2222 1052 2266 Iesu,
1079 2232 1140 2263 pro
1167 2222 1283 2263 quibus

1015 2271 1201 2304 Katharina
1224 2274 1259 2303 te
1284 2275 1366 2307 orat.

967 2349 1036 2388 Quo
1061 2349 1179 2380 haustu
1205 2349 1388 2389 sapientiae

969 2395 1125 2437 Saporem
1148 2396 1236 2428 vitae
1260 2398 1368 2430 valeat

1015 2453 1107 2476 mens
1132 2444 1332 2486 intellegere.
