1656 2690
744 122 985 157 -15—

202 216 267 249 6a.
294 216 342 249 Ut
366 218 462 249 homo
908 219 967 253 61),
992 219 1062 252 Lac
1089 220 1186 253 datur

289 265 399 304 alitus⁷
426 266 486 297 sed
514 266 671 298 divinitus
993 267 1156 302 infantulo
1183 268 1350 309 esurienti,

289 321 353 345 non
379 313 502 345 nostris
528 313 645 354 opibus
671 315 813 357 indiget3
993 317 1048 357 qui
1074 320 1190 350 cuncta
1215 319 1305 349 creat
1329 316 1517 349 animantia.

200 380 260 413 7a.
291 380 393 419 Quam
419 378 500 412 felix
525 383 637 413 uterus
905 383 966 418 71).
992 385 1023 416 A
1049 385 1185 426 Moysen
1211 393 1314 425 usque

288 425 368 471 (est)
395 429 582 471 genetricis,
992 432 1036 464 ad
1061 432 1240 466 Iohannem

288 476 343 517 qui
369 476 569 510 invisibilem
595 478 752 518 portavit,
989 488 1235 520 praecursorem
1250 484 1347 521 atque
1355 480 1534 523 baptistam

289 533 383 565 quem
411 534 531 566 capere
556 535 620 559 non
992 528 1098 560 cuncti
1124 529 1307 570 prophetae

287 576 411 613 queunt
435 574 545 607 throni
571 575 734 607 aetherei!
989 577 1179 616 praeconati
1204 580 1280 609 sunt
1303 577 1489 611 Dominum.

200 640 260 674 8a.
290 641 443 674 Pastores
469 642 703 683 pervigilantes
902 642 962 675 8b.
989 642 1171 675 Psallentes
1197 646 1294 684 atque
1322 644 1486 679 dieentes:

286 698 386 729 supra
411 698 542 730 gregem
568 690 721 722 viderunt
990 691 1029 723 In
1056 691 1194 724 excelsis
1217 692 1324 732 gloria

289 737 406 769 choros
432 738 599 778 angelicos
990 739 1034 770 sit
1057 741 1133 771 nato
1159 739 1309 783 Domino,

577 806 609 838 9.
639 805 700 839 Cui
726 808 777 838 est
801 806 905 838 honor
930 810 963 839 et
987 808 1133 846 potestas

635 854 874 895 imperiumque
898 854 970 886 sine
993 852 1058 886 fine

634 911 694 943 per
720 903 828 935 omnia
852 903 993 937 saecula.

266 970 357 998 Grad.
384 978 439 997 ms.
468 968 498 997 S.
518 969 679 997 Laurentii
704 970 736 996 in
756 969 876 997 Verano
903 967 942 1004 (‘?)
967 977 1045 997 saec.
1074 967 1117 998 11.
1159 970 1230 999 Ood.
1250 971 1378 998 Roman.
1398 971 1535 1008 Angelic.

188 1006 243 1037 123
263 1007 299 1044 (Β
319 1009 368 1037 ΙΙΙ
390 1006 445 1044 18).
467 1008 502 1036 A.
524 1023 562 1027 --
590 1007 680 1036 Grad.
711 1010 741 1035 et
759 1009 884 1044 Tropar.
905 1017 959 1036 ms.
982 1007 1010 1035 S.
1033 1008 1115 1037 Petri
1135 1010 1169 1037 in
1188 1010 1336 1038 Vaticano
1359 1018 1438 1039 saec.
1458 1008 1535 1039 Πῦρ.

187 1047 251 1076 0οᾶ
270 1048 410 1075 Vatican.
435 1044 521 1075 5319.
541 1047 576 1074 B.
607 1061 641 1066 —
670 1047 760 1075 Grad.
789 1056 843 1075 ms.
865 1048 969 1075 ineert.
993 1048 1067 1084 orig.
1089 1049 1162 1076 anni
1183 1046 1257 1076 1071
1284 1049 1367 1081 ,nach
1387 1049 1535 1086 Georgius

185 1087 242 1121 ΙΙΙ,
264 1085 342 1123 447).
365 1087 397 1114 C.
425 1101 462 1105 -—
493 1083 540 1120 1‚2
561 1086 725 1113 caelicolae
745 1087 780 1113 A.
807 1100 844 1105 —
872 1083 915 1113 Za
934 1085 1010 1114 fehlt
1029 1087 1065 1113 A.
1086 1102 1124 1107 —-
1145 1085 1197 1121 2b‚
1222 1085 1236 1115 1
1258 1087 1302 1115 Es
1325 1089 1357 1116 B.
1378 1104 1418 1108 ff
1440 1086 1495 1122 Ca,
1518 1087 1534 1116 1

186 1134 264 1163 quae
286 1126 318 1154 C.
340 1140 379 1144 —
399 1122 451 1161 3b‚
473 1123 492 1152 2
512 1125 642 1162 virginis
656 1124 717 1153 AB.
738 1140 778 1144 —
797 1123 852 1161 41),
872 1123 887 1152 1
908 1124 1057 1160 perditum
1077 1124 1154 1154 fehlt
1167 1127 1200 1154 B.
1222 1141 1258 1145 —
1281 1125 1333 1160 51),
1350 1125 1364 1154 1
1387 1127 1534 1163 parvulus

184 1167 220 1194 A.
247 1179 285 1184 —
312 1163 366 1198 51),
390 1163 405 1191 1
432 1164 585 1200 stragulus
606 1164 641 1191 A.
670 1178 708 1182 —
736 1162 790 1198 510,
811 1162 831 1191 4
850 1163 986 1200 parvulis
1008 1163 1042 1191 B.
1070 1179 1107 1183 -
1136 1163 1186 1199 62,
1208 1163 1226 1192 2
1248 1165 1339 1193 altius
1362 1166 1416 1193 sed
1438 1166 1470 1194 C.

186 1202 239 1238 6a,
261 1201 279 1232 3
300 1206 424 1232 nostrae
444 1203 509 1238 ΑΟ,
534 1211 609 1239 opus
631 1205 677 1230 est
696 1202 785 1238 ABO;
809 1202 923 1230 indicet
943 1200 974 1230 O.
996 1217 1032 1222 —
1056 1201 1107 1237 6b,
1125 1202 1140 1231 1
1161 1205 1306 1233 Laetatur
1326 1205 1361 1232 A.
1384 1219 1416 1223 —-
1445 1204 1494 1241 7a,
1520 1204 1534 1233 1

185 1243 269 1271 Arva
293 1242 366 1271 felix
395 1242 428 1270 O.
457 1258 493 1262 —-
522 1241 572 1276 7a,
595 1240 613 1269 5
641 1245 775 1275 quexunt
793 1240 828 1277 (Ξ)
847 1242 888 1277 Β;
917 1241 1058 1269 aetherea
1075 1242 1112 1269 A.
1133 1259 1172 1263 —
1198 1243 1250 1278 7b,
1274 1242 1288 1270 1
1310 1244 1417 1279 Moyse
1437 1245 1471 1272 B.
1497 1259 1535 1263 —

186 1281 240 1316 7b,
264 1279 282 1310 3
304 1290 340 1310 ae
360 1280 447 1309 ABG.
474 1296 507 1300 -
529 1278 582 1315 8a,
604 1278 623 1309 3
645 1280 753 1308 chorus
775 1280 930 1317 angelicus
953 1280 984 1308 C.
1006 1295 1044 1299 —
1065 1281 1090 1309 B
1111 1282 1228 1310 enthfilt
1247 1282 1296 1310 die
1314 1282 1456 1311 Melodie.

619 1367 673 1398 4a.
708 1365 743 1397 In
764 1364 946 1397 Nativitate
968 1363 1102 1397 Domini.

577 1428 611 1461 1.
636 1428 733 1472 Ecce,
761 1428 827 1459 iam
854 1427 944 1460 venit
967 1430 1082 1460 nostra

636 1476 820 1517 redemptio
845 1476 1004 1516 pretiosa.

196 1549 257 1582 2a.
286 1547 494 1581 Gaudeamus
901 1544 962 1578 2b.
989 1545 1080 1579 Caeli
1103 1556 1213 1589 regem

283 1597 319 1629 in
343 1605 442 1629 unum
986 1594 1021 1626 in
1046 1596 1144 1628 terris

285 1654 357 1678 cum
383 1645 533 1686 angelica
558 1644 698 1685 agmina.
987 1646 1060 1676 arta
1084 1646 1198 1678 tenent
1223 1646 1396 1689 cunabula,

194 1716 257 1749 32..
284 1714 345 1755 Qui
372 1714 460 1746 solus
898 1710 958 1744 3b.
986 1712 1115 1746 Vilibus

282 1762 430 1804 patravit
455 1770 527 1793 oum
553 1763 649 1802 patre
985 1761 1101 1794 induto
1127 1762 1274 1795 vestibus

281 1812 384 1846 totius
410 1810 526 1844 mundi
552 1808 731 1850 fabricam3
986 1813 1106 1842 canunt
1130 1814 1317 1844 sanctorum
1342 1813 1445 1846 milia.

190 1883 251 1915 4a.
278 1881 400 1915 Lactat
423 1882 529 1914 mater
550 1879 734 1921 parvulum,
893 1880 955 1915 4b.
983 1880 1022 1913 In
1047 1880 1241 1921 praesaepio
1266 1880 1363 1924 iacet,

281 1930 368 1972 magi
394 1930 463 1963 eius
982 1936 1076 1969 reges
1103 1930 1133 1961 ei

283 1981 481 2021 cognoscunt
508 1978 629 2011 sidera.
983 1976 1123 2011 offerunt
1147 1986 1294 2013 munera.

194 2051 256 2083 52..
283 2048 463 2082 Credamus
486 2056 559 2080 eum
586 2055 698 2080 verum
895 2047 955 2081 5b.
982 2047 1060 2087 Ipse
1085 2044 1192 2079 factus
1219 2049 1270 2078 est
1295 2046 1397 2091 homo,

282 2106 354 2130 esse
378 2098 448 2133 Dei¹
465 2095 569 2129 filium
983 2095 1039 2136 qui
1062 2094 1132 2128 sine
1157 2095 1261 2138 initio,

282 2147 393 2187 Atque
418 2146 460 2178 ad
485 2145 549 2178 hoc
573 2144 702 2178 venisse
982 2144 1072 2177 Deus
1097 2143 1285 2185 ineffabiliS,

280 2195 316 2228 in
344 2198 463 2238 terras,
490 2196 528 2226 ut
551 2193 694 2226 redimat
982 2194 1016 2226 in
1041 2193 1133 2227 nulla
1158 2193 1365 2226 concluditur

279 2254 339 2277 nos
367 2244 407 2277 de
431 2243 576 2284 maligna
601 2251 678 2283 sup·
982 2242 1094 2283 prisca
1117 2243 1172 2275 vel
1196 2242 1312 2275 ultima

377 2293 489 2334 plicia.
1079 2294 1242 2332 tempora.

190 2364 250 2397 6a.
280 2362 306 2396 O
333 2362 418 2396 mira
443 2361 575 2395 Domini
894 2360 952 2395 61).
979 2359 1102 2392 Filium
1128 2361 1256 2393 unicum

280 2414 314 2443 et
338 2411 490 2454 gratuita,
982 2409 1082 2449 misit,
1108 2413 1146 2442 ut
1170 2418 1285 2444 servos

280 2469 363 2501 quae
387 2459 481 2493 nobis
509 2459 610 2503 dedit,
638 2458 798 2492 remedia!
982 2462 1154 2491 revocaret
1177 2459 1212 2491 in
1237 2457 1363 2502 Elysia,
