1656 2690
714 149 762 156 ..—

218 230 281 262 4a.
306 228 388 260 Tres
414 227 503 258 aurei
528 227 659 267 calathi,

215 392 276 424 5a.

215 555 276 588 6a.

215 718 276 750 7a.

212 977 273 1009 Sa.

212 1190 272 1223 9a.

190 1353 232 1386 10
244 1362 273 1387 a.

188 1565 229 1598 11
242 1574 270 1600 a.

304 278 337 308 et
361 277 493 315 quartus
519 283 559 306 ex
580 277 714 315 argento

304 322 444 355 refertus
470 325 541 354 erat
565 331 669 360 croco,

301 390 463 423 Fervidus

303 439 420 478 spiritu
446 440 569 478 sancto,

303 487 418 527 plenus
443 486 557 529 gratia,

303 554 348 586 Et
371 561 464 586 nemo
490 552 620 593 spiritui

301 604 432 642 poterat
455 601 617 644 resistere,

302 650 357 690 qui
382 649 575 689 loquebatur
598 649 632 680 in
658 649 726 689 illo,

302 717 383 749 Mox
407 725 502 749 aures
529 716 691 755 obturant,

300 764 467 806 lapidibus
493 774 563 797 eum
593 765 742 806 caedunt,

299 815 462 846 intuentes
485 813 519 845 in
546 822 617 846 eum

299 861 508 902 splendidum

300 911 390 943 velut
414 910 574 951 angelum.

301 977 536 1016 Protomartyri
561 978 678 1019 surgis,

301 1026 356 1065 qui
380 1025 474 1058 sedes
501 1027 534 1056 et
555 1033 682 1067 regnas,

300 1074 452 1105 virtutem
477 1074 613 1105 certanti

298 1121 475 1153 ministras.

300 1189 344 1221 Et
369 1197 440 1221 cum
465 1188 549 1220 tanti
573 1188 679 1220 meriti

298 1238 386 1278 apud
411 1239 445 1268 te
469 1236 513 1268 sit

299 1286 352 1318 hic
376 1293 489 1318 servus
514 1284 656 1325 Domini,

302 1353 401 1392 Quem
426 1361 491 1385 non
516 1353 626 1393 tetigit

298 1401 405 1433 bestia

297 1452 354 1481 tua
378 1448 519 1489 positum

298 1497 358 1529 sub
385 1496 550 1536 custodia3

297 1564 392 1597 Nune
416 1566 506 1596 tenet
531 1563 685 1607 ecclesia3

298 1622 358 1654 per
383 1621 519 1654 quorum
542 1612 661 1644 merita

810 129 883 164 264
932 150 978 155 —

908 226 969 259 4b.

909 389 970 423 5b.

908 552 966 585 6b.

910 715 968 749 7b.

907 976 967 1010 eb.

906 1188 966 1222 9b.

883 1352 967 1386 iob.

881 1563 964 1597 11b.

997 226 1061 259 Sed
1089 226 1151 258 duo
1177 226 1259 258 rosis
1285 225 1381 265 albis,

997 277 1029 306 et
1052 284 1134 307 unus
1159 274 1266 306 rubris
1291 274 1374 305 rosis

999 326 1048 355 est
1073 322 1256 362 Stephanus
1281 322 1392 362 levita,

999 390 1144 423 Plurima

997 437 1119 470 faciens
1145 437 1238 478 signa

995 489 1028 517 et
1051 485 1210 526 prodigia.

994 552 1059 585 Sed
1084 551 1178 592 plebs
1204 552 1428 585 dissecabatur

996 599 1147 633 cordibus
1173 600 1316 643 Iudaica,

995 649 1138 681 stridens
1166 647 1316 680 dentibus
1341 648 1375 679 in
1402 656 1483 679 eum.

995 717 1041 749 Et
1064 715 1121 748 ille
1147 715 1327 748 clamabat:

994 765 1133 797 Domine
1157 763 1232 796 lesu
1257 763 1395 807 Christe,

994 812 1217 853 lapidantibus
1240 820 1351 853 parce,

995 861 1145 902 spiritum

995 918 1102 941 meum
1126 909 1265 949 suscipe.

994 975 1143 1008 Stantem
1168 985 1188 1006 a
1214 975 1340 1007 dextris
1364 973 1470 1014 patris

994 1027 1028 1055 te
1052 1023 1153 1056 filium
1181 1022 1320 1055 hominis

997 1073 1055 1104 das
1082 1079 1215 1103 cernere
1240 1071 1338 1103 caelis

994 1119 1127 1161 apertis.

995 1188 1120 1229 Corpus
1146 1187 1213 1218 eius
1239 1186 1353 1218 bestiis

993 1235 1204 1268 lacerandum

995 1285 1091 1317 datur
1116 1293 1136 1315 a
1161 1283 1285 1316 bestiis.

995 1352 1060 1384 Sed
1085 1350 1249 1384 humiliter

994 1401 1156 1441 sepultum

993 1448 1076 1480 mire
1102 1455 1172 1478 cum
1198 1447 1304 1479 tribus

992 1495 1114 1528 sanctis
1137 1494 1330 1527 translatum

991 1563 1171 1596 Discedant
1196 1563 1423 1604 phantasmata

991 1621 1050 1645 nos
1075 1611 1269 1653 lapidantia,

538 1690 594 1724 12.
620 1689 668 1722 Ut
691 1690 726 1721 in
750 1691 935 1721 sanctorum
960 1690 1116 1722 memoria

621 1746 750 1778 semper
773 1737 834 1769 tibi
859 1738 902 1769 sit
927 1738 1041 1779 gloria.

253 1816 343 1844 Grad.
365 1823 417 1843 ms.
433 1812 650 1851 Aquilegiense
671 1822 748 1842 saee,
772 1811 815 1840 14.
838 1813 909 1841 Cod.
931 1814 1040 1842 Semin.
1056 1815 1202 1843 Goritien.
1221 1815 1255 1842 F.
1270 1814 1304 1842 A.
1327 1830 1364 1835 —
1384 1814 1509 1843 Missale

175 1854 388 1891 Aquilegiense
415 1854 486 1889 imp.
507 1853 661 1890 Augustae
692 1850 775 1880 1494.
802 1853 835 1880 B.
863 1868 900 1872 -
927 1854 1013 1881 Miss.
1040 1852 1253 1890 Aquilegiense
1279 1855 1350 1890 imp.
1371 1854 1509 1882 venetiis

178 1891 261 1921 1508.
284 1893 315 1921 C.
344 1908 382 1912 —
408 1891 462 1926 4b,
483 1889 502 1918 2
521 1893 623 1920 rubeis
643 1892 735 1927 AB03
763 1892 839 1918 rosis
864 1891 939 1919 fehlt
960 1892 992 1919 C.
1013 1907 1051 1911 --
1074 1890 1125 1924 Ga,
1148 1891 1162 1918 1
1186 1900 1229 1926 sq.
1251 1894 1369 1927 poterat
1388 1893 1509 1929 spiritui

177 1932 209 1958 (l.
236 1946 274 1950 —
304 1929 358 1966 6b,
381 1930 396 1959 1
424 1930 650 1959 dissecabantur
672 1930 703 1958 C.
730 1944 768 1949 -
795 1928 847 1961 7a,
873 1929 888 1957 1
908 1930 990 1964 Vox,
1018 1929 1132 1958 falsehe
1147 1927 1268 1958 Initiale
1287 1931 1322 1957 A.
1356 1945 1389 1949 ——-
1415 1931 1469 1965 7b,
1493 1930 1508 1957 1

175 1971 286 1998 clamat
308 1970 339 1998 O.
366 1985 396 1989 -
421 1967 474 2003 32,
497 1968 512 1997 1
533 1970 763 2005 Protomartyris
784 1968 821 1995 A:
844 1968 1049 2005 Protomartyr
1069 1969 1101 1998 O.

558 2091 625 2125 305.
654 2092 691 2124 In
710 2090 896 2124 Inventione
917 2100 941 2123 s.
962 2091 1124 2133 Stephani.

186 2175 202 2209 1
215 2185 245 2208 a.
272 2173 503 2207 Laetabundus

271 2222 426 2255 Exsultet
449 2221 568 2262 ubique
589 2221 738 2262 mundus,

319 2270 473 2310 Alleluia,

187 2352 247 2386 aa.
273 2350 421 2383 Inventio
447 2347 609 2389 Stephani

275 2398 325 2432 Sit
349 2397 455 2430 laudis
482 2401 515 2429 et
539 2397 652 2438 organi

321 2446 424 2480 Nobis
451 2455 557 2486 causa,

881 2173 941 2207 1b.
967 2174 1063 2206 Laeti
1086 2174 1197 2215 simus,

965 2222 1012 2254 Et
1036 2222 1128 2255 nobis
1154 2223 1198 2255 sit
1221 2226 1347 2264 martyr
1371 2224 1496 2264 primus

1015 2270 1140 2304 Laudis
1165 2271 1230 2304 via.

880 2347 941 2382 2b.
968 2347 1056 2387 Quae
1081 2350 1131 2380 est
1154 2352 1230 2388 post
1254 2352 1447 2392 martyrium

969 2396 1115 2429 Notitiae
1139 2398 1283 2437 gentium

1015 2445 1080 2477 Diu
1107 2445 1227 2479 clausa.
