1656 2690
102 165 160 195 ὕει.
190 162 330 202 Quorum
356 161 542 194 memoriale

234 209 404 244 Diutinum

100 280 159 312 δα.
187 278 211 311 O
237 286 330 319 quam
354 277 540 317 laudabilis,

187 326 212 358 O
238 335 332 367 quam
358 324 506 357 amabilis

233 373 295 406 Est
319 373 400 406 haec
425 373 581 406 societas!

100 442 158 474 7a.
186 440 252 473 Ubi
277 449 400 473 merces
427 444 475 473 est
500 440 608 473 fidelis

184 488 272 522 Deus
298 489 439 522 omnium
463 489 498 521 in
525 488 632 530 caelis,

234 538 348 571 Omnia
372 538 406 570 in
433 538 590 580 omnibus,

99 606 157 639 8a.
185 605 257 638 Hoc
282 606 404 646 primus
433 606 473 638 de
499 605 633 646 collegio

185 653 350 686 Servatius
374 654 408 686 in
433 654 577 694 praemio

183 702 425 735 inthronizatur
449 703 548 743 regio.

96 771 115 802 9
130 781 157 804 a.
185 770 236 803 Pii
261 773 371 811 patres
399 773 431 802 et
455 774 616 812 pastores,

181 817 344 851 Memores
370 819 565 851 mediatores

737 61 806 97 248
857 81 904 87 ἡ

795 160 852 194 5b.

794 277 852 310 610.

793 442 850 477 7b.

791 606 849 640 8b.

793 771 851 806 9b.

879 160 993 194 Floret
1016 161 1198 192 immortale

928 209 1027 249 Apud
1052 207 1238 241 Dominum.

882 277 940 312 Cui
965 276 1055 309 nulla.
1081 275 1191 309 taedia

881 326 1062 359 Occurrunt
1088 333 1148 357 nec
1172 323 1284 356 saucia

927 373 1049 406 Mentis
1075 373 1231 406 anxietas.

878 442 917 475 In
944 451 1005 483 quo
1030 441 1255 482 praemiantur
1276 439 1332 471 isti

879 490 973 523 Facti
1001 490 1177 523 coheredes
1204 488 1326 522 Christi

926 539 964 571 In
990 539 1138 580 supernis
1163 537 1336 571 montibus.

878 606 1010 647 Sagacis
1038 607 1088 639 vir
1112 606 1243 650 ingenii,

878 656 1046 688 Amandus
1073 654 1167 687 huius
1193 654 1330 694 praemii

878 704 951 736 Non
979 712 1094 744 expers
1121 706 1171 735 est
1197 702 1334 744 collegii.

880 771 958 804 Sitis
986 771 1134 804 derelicti
1160 770 1267 812 gregis

877 820 916 853 In
943 822 1117 861 conspectu
1143 819 1257 851 summi
1284 820 1378 859 regis,

162 886 248 913 Miss.
270 894 324 913 ms.
345 886 640 914 Mosaetraiectinum
662 894 738 913 saec.
762 884 805 913 15.
849 885 918 914 Cod.
940 886 1075 922 Haagen.
1096 885 1117 913 J
1136 882 1179 914 10.

505 989 571 1021 286.
602 990 646 1022 De
667 992 774 1022 sancto
795 989 1002 1022 Prosdocimo.

98 1059 115 1093 1
128 1070 157 1095 a.
185 1062 311 1102 Pangat
336 1062 464 1104 choruS‚
490 1064 526 1093 ut
543 1065 593 1093 est
609 1062 719 1102 moris,

185 1108 285 1141 Festa
310 1110 418 1141 colens
445 1108 639 1142 confessoris

232 1157 350 1190 Annua
376 1157 587 1197 Prosdocimi,

99 1235 160 1267 2a.
186 1233 312 1267 Nomen
335 1235 366 1268 ei
392 1237 481 1266 recte
506 1235 611 1275 datur,

184 1282 247 1315 Per
272 1282 358 1322 quod
384 1281 453 1314 Deo
481 1282 667 1324 designatur

231 1330 392 1363 Redditus
418 1340 477 1371 pro
505 1331 647 1372 decima3

99 1409 159 1442 3a.
187 1406 296 1448 Stirpe
322 1408 428 1440 clarus
454 1411 487 1440 et
510 1411 638 1450 natura,

185 1455 277 1488 Sacri
302 1455 402 1488 fontis
428 1456 576 1498 genitura

235 1504 362 1538 Glarior
389 1503 540 1549 efficitur,

100 1584 158 1615 4a.
186 1581 283 1614 Hunc
307 1581 430 1614 honore
456 1582 639 1622 praesulari

189 1630 303 1662 Petrus
329 1630 419 1662 iubet
445 1631 613 1663 sublimari

232 1677 446 1719 Destinatque
471 1679 634 1720 Paduam3

97 1757 155 1790 5a.
184 1756 221 1788 In
247 1756 394 1796 ingressu
420 1757 560 1790 civitatis

184 1804 302 1837 Morbo
330 1804 384 1837 diu
409 1805 602 1846 mancipatis

234 1853 377 1886 Praebet
402 1862 493 1894 opem
520 1854 657 1897 miseris,

101 1933 160 1965 6a.
186 1930 290 1963 Fama
316 1931 442 1973 crescit,
469 1932 642 1965 Paduanus

187 1978 303 2019 Stupet
327 1988 385 2012 rex
411 1980 603 2023 Vitalianus,

235 2026 296 2066 Qui
320 2027 469 2068 languori
494 2028 636 2068 suberat,

101 2106 161 2137 7a.
186 2104 279 2137 Uxor
305 2104 373 2137 eius
398 2105 625 2145 Praepedigna

187 2152 245 2185 Fit
269 2152 387 2185 ancilla
416 2152 538 2186 Christi
566 2154 664 2195 digna

236 2199 361 2240 Spretis
389 2200 523 2233 credens
548 2201 664 2245 idolis3

100 2281 161 2314 8a.
188 2278 288 2318 Regis
314 2278 424 2318 proles
451 2280 484 2310 et
507 2278 619 2319 regina

187 2326 253 2359 Sub
280 2327 341 2359 hoc
365 2329 461 2366 patre
485 2336 520 2359 se
545 2327 671 2360 Iustina

238 2374 367 2409 Summo
392 2375 462 2416 regi
484 2375 625 2420 dedicat,

792 1061 854 1096 ib.

789 1235 850 1269 23³.

790 1409 848 1443 3b.

790 1584 850 1618 4b.

794 1759 852 1792 5b.

794 1933 852 1967 cb.

796 2108 856 2140 7b.

799 2280 860 2314 8b.

880 1061 980 1101 Quem
1006 1061 1048 1094 ad
1075 1061 1125 1093 sui
1151 1059 1327 1093 conditoris

877 1110 990 1150 Regna
1015 1109 1118 1142 traxit
1142 1109 1191 1141 vis
1217 1108 1336 1141 amoris

925 1157 970 1190 Et
995 1157 1128 1190 affectus
1154 1156 1271 1189 intimi.

877 1235 948 1268 Nec
970 1245 1035 1268 non
1060 1238 1147 1268 totus
1172 1235 1370 1277 immolatur,

881 1283 980 1317 Cuius
1004 1284 1079 1325 igne
1106 1286 1328 1316 concrematur

926 1332 1019 1371 Caro,
1046 1341 1136 1365 mens
1164 1335 1197 1363 et
1221 1331 1338 1364 anima.

878 1409 941 1442 Gor
968 1410 1105 1450 depurat
1129 1408 1211 1441 fides
1238 1418 1332 1450 pura,

877 1457 924 1490 Et
947 1457 1107 1490 immundi
1130 1457 1245 1489 mundi
1270 1466 1348 1490 cura

926 1506 1017 1539 Caeli
1038 1506 1108 1538 zelo
1132 1505 1284 1539 vincitur.

878 1583 960 1617 Rete
985 1584 1102 1617 missus
1128 1582 1229 1616 infert
1254 1582 1344 1626 mari,

879 1632 988 1665 Verbo
1013 1633 1101 1672 capit
1126 1632 1262 1665 salutari

929 1679 1065 1713 Gentem
1093 1679 1160 1714 fide
1185 1689 1331 1714 vacuam.

879 1758 982 1791 Donis
1007 1759 1121 1791 laxans
1149 1758 1323 1799 duplicatis

881 1807 944 1841 Per
971 1807 1164 1847 baptismum
1189 1806 1350 1840 innovatis

932 1854 1056 1897 Culpae
1084 1855 1190 1888 vincla
1216 1856 1348 1888 veteris.

881 1932 1009 1966 Christo
1037 1932 1143 1965 credit
1168 1935 1200 1965 et
1224 1931 1262 1964 fit
1287 1942 1396 1973 sanuS,

881 1980 965 2013 Dum
1001 1981 1138 2023 afflarat,
1176 1990 1255 2022 quos
1280 1991 1426 2022 paganus

930 2031 1039 2063 Antea
1065 2030 1219 2065 coluerat.

883 2106 938 2140 Sic
963 2108 1007 2140 ad
1030 2107 1154 2148 lignum
1180 2110 1315 2141 currunt
1337 2108 1429 2149 ligna

885 2155 925 2188 Et
951 2156 1090 2196 erumpit
1116 2156 1202 2189 inter
1226 2156 1318 2196 signa

930 2203 1044 2237 Novae
1070 2202 1194 2236 fructus
1218 2204 1352 2237 subolis.

885 2281 976 2320 Quae
1003 2281 1182 2322 dedignans
1210 2290 1280 2314 esse
1304 2280 1392 2314 Dina

884 2329 983 2363 Cadit
1007 2337 1093 2373 ense,
1121 2337 1217 2370 quam
1244 2329 1358 2363 divina

930 2376 1041 2411 Virtus
1068 2377 1166 2411 caelis
1192 2379 1349 2419 applicat.
