1656 2690
702 141 744 146 —
799 121 965 155 238-

175 214 219 247 10
230 223 260 247 a.
286 215 340 247 Ad
368 214 489 247 caelum
517 215 648 247 tert-ium

334 263 461 303 Raptus
486 262 520 294 in
546 263 665 303 spiritu

287 310 349 342 Dei
374 310 564 349 mysterium

335 357 458 390 Mentis
483 358 604 390 intuitu

286 406 436 438 Intuetur
460 414 521 437 nec
544 406 697 449 loquitur,

286 453 369 492 Quia
393 461 454 484 nec
477 454 567 494 loqui
592 455 719 487 sinitur.

870 218 952 251 10b.
980 218 1006 250 Ο
1032 221 1144 259 pastor
1168 217 1291 257 inclite,

1029 266 1199 298 Pastorum
1225 264 1341 306 gloria,

980 313 1082 345 Felici
1107 315 1239 346 tramite

1028 362 1099 393 Tua
1124 362 1224 394 ovilia

981 409 1106 452 Deduc,
1134 410 1269 450 perduc,
1297 407 1456 439 constitue

984 456 1137 489 Perennis
1163 458 1235 489 loco
1261 463 1411 496 pascuae.

242 519 325 546 Miss.
356 527 408 547 ms.
442 519 610 548 Leodiense
639 528 716 549 saec.
752 519 796 549 15.
839 521 909 550 Cod.
937 522 1075 550 Vatican.
1097 520 1182 551 3808.
1203 523 1239 550 A.
1271 538 1307 541 —
1338 522 1423 549 Miss.
1444 530 1498 548 ms.

164 557 348 585 Belisianum
376 565 452 586 saec.
478 556 521 586 15.
563 559 636 587 God.
657 559 826 588 Bruxellen.
850 558 927 589 9786
937 558 1013 588 —9o.
1033 561 1068 588 B.
1098 576 1132 580 —
1160 562 1245 589 Miss.
1264 569 1320 588 ms.
1333 560 1499 587 Mosaetra-

165 597 305 624 iectinum
328 593 1043 628 Μαι-15116.Οοᾱ.Βῑι1Χο11311.18125.Ο.-
1064 599 1148 627 Miss.
1165 598 1332 628 Leodiense
1345 599 1416 626 im.
1430 597 1505 626 Delf

165 643 189 662 s.
210 642 237 662 a.
258 632 363 670 (1485).
385 635 422 663 D.
443 651 481 655 —
502 633 554 672 2a,
573 634 591 665 3
612 638 743 665 Timoris
765 638 802 665 D.
823 652 862 657 —
883 636 935 673 3a,
951 635 968 665 3
989 638 1067 666 Vero
1089 646 1177 666 manc
1196 640 1231 667 A.
1252 652 1290 656 —
1310 636 1364 671 43,
1407 637 1499 673 Regis

164 673 207 709 B;
229 674 261 701 in
281 674 380 711 gloria
401 673 431 701 C.
459 689 496 695 —
525 658 577 710 6²1),
602 674 620 703 2
640 678 757 704 veretra
777 677 811 705 B.
838 691 877 696 —
904 677 957 711 73,
979 674 997 703 2
1018 677 1132 705 tumulo
1152 678 1187 705 A.
1208 693 1244 698 ——
1265 675 1318 710 7b,
1339 675 1360 704 4
1379 685 1432 712 pro
1436 678 1500 711 p·tel

163 694 225 740 ΑΒ
253 728 288 732 —-
322 711 374 748 93,
390 710 408 739 2
430 713 563 741 Vocatus
584 714 645 743 AB.
669 729 707 734 —
729 713 780 749 9a,
802 713 820 744 3
842 697 987 752 apostolis
1009 717 1046 742 A.
1069 731 1104 734 —
1129 714 1197 751 101),
1220 712 1237 742 6
1258 716 1384 743 Perenni
1406 714 1438 742 O.
1460 728 1498 733 —

165 749 223 778 cfr.
244 752 331 779 Anal.
353 751 490 780 Βο113ῐ1ᾶ.
511 752 563 786 VI,
585 751 650 781 401.

640 863 705 896 273.
740 865 783 895 De
804 866 913 897 sancto
935 864 1041 897 Petro.

175 946 191 978 1
206 955 235 979 a.
262 944 415 978 Almiflua

264 994 358 1026 turba
387 994 534 1026 caelestis
562 995 691 1035 gaudet,

261 1042 375 1074 laudes
400 1041 471 1074 Deo
498 1042 576 1074 dare

262 1090 295 1122 in
321 1090 418 1122 astris
443 1099 508 1122 non
534 1094 648 1124 cessat.

176 1158 236 1189 2a.
265 1156 433 1189 Gloriosus
458 1157 492 1189 in
519 1159 650 1199 sanc-tis,

263 1205 296 1237 in
323 1209 488 1237 aeternum
514 1206 568 1246 qui
595 1207 730 1247 constat,

264 1254 353 1285 cuius
380 1253 482 1286 virtus

264 1304 322 1343 cst,
350 1301 436 1342 quod
461 1301 525 1342 ipsi
550 1304 718 1343 peragunt.

176 1370 237 1402 3a.
265 1368 466 1408 Apostolum,

266 1417 332 1448 eius
358 1424 418 1457 pro
444 1416 543 1448 laude

264 1465 457 1497 extollamus

263 1512 395 1544 Petrum
421 1514 570 1544 vocatum

263 1569 334 1592 cum
359 1560 462 1593 fratre

261 1609 304 1641 ad
332 1608 510 1641 docendum
537 1609 702 1649 populum.

174 1677 237 1709 42.
262 1677 420 1717 Princeps
447 1680 634 1709 cunctorum

264 1725 421 1757 ecclesiae

263 1776 369 1806 exstat
393 1773 510 1807 Petrus

262 1839 436 1881 Fidelium,

259 1898 319 1932 per
346 1890 435 1921 cuius
460 1887 557 1921 fidem

262 1938 346 1970 salvi
370 1936 452 1970 facti

261 1987 373 2026 popuii

261 2043 347 2066 nunc
373 2034 537 2068 exsultant
560 2035 594 2066 in
621 2035 741 2067 orbem.

174 2102 233 2134 5a.
261 2102 315 2134 Ad
339 2104 382 2144 te,
407 2101 506 2144 Deus,

261 2159 346 2182 nunc
372 2151 519 2182 conversi

262 2198 361 2230 corde
385 2198 525 2237 supplici

265 2246 475 2286 deposcimus,

263 2297 300 2326 ut,
324 2295 452 2327 relaxes
477 2297 604 2326 nostras
631 2295 752 2335 culpas.

870 1159 932 1192 2b.

869 1678 930 1712 4b.

871 2103 929 2136 5b.

871 948 928 981 lb.
955 946 1001 978 Et
1024 949 1156 979 terrena

956 995 1084 1035 agmina
1109 998 1184 1027 voto
1211 1003 1292 1035 puro

959 1046 1191 1084 concrepantes
1218 1042 1285 1075 eius

957 1091 1092 1123 laudent
1117 1091 1304 1131 potentiam.

960 1159 997 1191 In
1023 1158 1086 1190 hac
1111 1167 1187 1199 ergo
1213 1166 1299 1191 nunc
1326 1158 1378 1190 die

957 1206 1024 1238 eius
1051 1207 1187 1246 primum
1214 1206 1339 1247 gloriae

957 1255 1161 1286 concinentes

957 1302 1166 1345 clavigerum,
1191 1302 1384 1344 principem,

920 1398 928 1406 ,
955 1369 1039 1401 Nam
1064 1370 1162 1402 hodie

958 1417 1079 1451 Christi
1103 1427 1163 1458 pro
1189 1418 1254 1451 fide

957 1465 1129 1499 crucifixus

956 1514 1086 1546 scandit
1110 1515 1152 1546 ad
1178 1514 1295 1556 caelos,

957 1562 1063 1594 socius

958 1610 1126 1650 spiritibus
1154 1620 1223 1643 cum
1250 1612 1380 1643 sanctis.

957 1678 1018 1718 Qui
1042 1682 1094 1710 ter
1119 1679 1308 1720 magistrum

956 1728 1055 1758 noctu
1079 1735 1200 1768 negans

955 1775 1035 1815 galli
1058 1784 1170 1809 vocem

955 1842 1169 1884 Recordatus‚

956 1891 1041 1930 quod
1066 1893 1144 1923 tunc
1169 1891 1315 1935 deliquit,

954 1938 1156 1972 lacrimando

959 1986 1075 2019 devote

955 2044 1050 2067 mane
1074 2036 1179 2075 prima
1207 2037 1339 2072 delevit.

956 2103 1041 2135 Nam
1065 2113 1126 2146 pro
1151 2105 1244 2137 nobis

956 2154 1067 2183 natum
1092 2155 1181 2184 tuum

956 2200 1075 2232 mundo
1101 2202 1229 2242 misisti,

958 2248 1012 2288 qui
1037 2249 1192 2289 sanguine

957 2305 1015 2328 nos
1043 2297 1181 2329 redemit
1207 2298 1248 2330 de
1272 2299 1419 2338 proprio.

244 2361 332 2389 Giad.
354 2369 408 2388 ms.
430 2359 460 2388 S.
483 2360 640 2388 Laurentii
660 2362 692 2388 in
705 2360 824 2389 Vei-ano
845 2360 879 2397 (‘?)
899 2370 975 2390 saec.
992 2360 1037 2389 11.
1064 2362 1134 2390 Cod.
1148 2363 1216 2400 Ang
1218 2362 1284 2391 elic.
1300 2364 1324 2391 Β
1339 2365 1387 2393 m
1402 2364 1448 2394 18.
1459 2382 1496 2386 —

163 2398 214 2435 23,
225 2398 245 2428 4
264 2401 295 2436 ip
298 2401 349 2427 sis.
376 2415 413 2420 -—
441 2396 495 2433 212,
510 2399 523 2427 1
547 2399 619 2427 dies.
646 2413 681 2419 —
710 2397 760 2435 21),
772 2398 792 2427 4
812 2400 1006 2438 clavigerfflmt
1033 2415 1070 2419 —-
1095 2400 1148 2435 4a,
1158 2399 1177 2430 3
1198 2404 1244 2430 est
1264 2403 1299 2430 ad
1321 2404 1438 2434 Petr.us
1459 2423 1497 2428 --

164 2438 215 2475 5b,
236 2437 256 2467 4
277 2440 461 2476 sanguinem.
