1656 2690
688 142 951 178 —202-

163 239 226 271 3a.
253 238 327 270 Non
353 237 462 277 sapuit
486 238 544 270 sed
570 238 678 270 timuit

252 286 375 329 Altum,
401 294 466 317 non
491 283 598 317 forma
621 287 748 328 tumuit,

300 334 359 375 Re,
387 341 493 373 sensu,
518 334 680 374 prosapia.

164 411 225 442 4a.
252 410 337 442 Dum
364 412 493 450 cogeret
519 410 692 443 catholicos

251 458 305 490 Ad
332 466 458 491 errores
484 456 644 490 fanaticos

299 506 470 547 Tyrannus
495 506 690 550 Maxentius,

165 583 222 615 5a.
250 583 374 616 Prouos
399 582 460 614 Dei
489 581 641 615 famulam

251 631 448 663 Dementare
473 631 618 663 sedulam

302 679 470 720 Perplexis
496 680 671 721 scrutiniis,

163 757 183 789 6
199 765 229 788 a.
254 755 339 788 Dum
364 757 414 789 his
439 756 606 789 lucrandis
630 757 759 798 militat,

254 804 350 846 Dum,
379 813 459 845 quae
478 807 553 836 sunt
569 805 641 846 Dei,
670 806 790 846 cogitat,

301 852 420 885 Sancta
444 856 561 893 mente,
588 862 734 894 corpore,

168 930 226 963 7a.
255 929 344 962 Hera
370 929 493 969 credit3
522 930 576 970 qui
612 933 766 963 metantur

250 977 382 1019 Heram,
410 977 505 1008 simul
530 979 734 1010 trucidantur

299 1025 408 1058 Gladii
437 1026 637 1065 compendio.

162 1103 223 1135 8a.
252 1101 353 1134 Canta
377 1101 491 1133 miram
518 1102 713 1135 novitatem:

250 1150 389 1191 Propter
413 1158 534 1181 meram
559 1151 739 1182 castitatem

297 1198 364 1230 Lac
390 1195 476 1230 fudit
501 1207 560 1237 pro
586 1199 749 1239 sanguine.

162 1275 220 1307 9a.
249 1274 372 1307 Baiulis
398 1273 453 1305 ubi
478 1275 600 1315 angelis

249 1323 318 1355 Iam
344 1322 462 1363 spiritu
489 1322 564 1355 dato
592 1324 690 1355 caelis

297 1371 472 1403 Arabicum
500 1372 653 1403 verticem

859 239 918 274 3b.
948 240 1082 274 Caelebs
1108 250 1171 273 non
1198 249 1237 271 ex
1262 238 1410 279 imperio,

947 288 1012 320 Sed
1038 298 1079 320 ex
1103 288 1199 320 Pauli
1224 286 1359 319 consilio

995 336 1067 369 Viri
1091 336 1211 369 mansit
1235 335 1355 367 nescia.

858 411 920 444 412.
947 412 1122 444 Facundae
1147 421 1252 444 sermo
1277 410 1413 451 virginis

949 459 1073 500 Spiritu
1097 459 1297 492 fortitudinis

994 507 1132 540 Obsistit
1157 507 1366 540 constantius.

857 583 915 616 5b.
943 583 1091 615 Domitos
1117 584 1296 616 rethoricos

945 630 1038 664 Cives
1065 630 1146 663 fecit
1169 632 1316 674 caelicos‚

990 678 1139 712 Adflatos
1165 681 1335 715 incendiis.

857 756 916 790 6¹0.
945 757 1078 790 Caesam
1105 758 1216 798 regina
1241 758 1364 798 visitat,

946 805 1047 844 Quam
1074 805 1154 838 haec
1179 807 1221 838 ad
1244 807 1344 838 vitam
1363 805 1484 838 excitat

993 852 1066 885 Non
1093 854 1304 886 claudendam
1327 856 1481 894 tempore.

858 929 917 963 7b.
945 929 1110 970 Virginem
1136 933 1212 970 post
1237 930 1424 970 blanditias,

943 978 1062 1017 Minas,
1089 978 1243 1018 poenales
1274 977 1376 1010 furias

994 1024 1077 1057 Colli
1102 1026 1217 1065 plectit
1242 1026 1355 1059 sectio.

856 1100 915 1134 Sb.
943 1101 1067 1143 Oleum,
1094 1111 1160 1141 pax
1185 1102 1342 1143 pestibu5‚

945 1150 1046 1182 Rorat
1076 1150 1143 1182 eius
1166 1151 1291 1183 ossibus

992 1198 1028 1230 In
1058 1198 1147 1230 Sinai
1174 1199 1321 1232 culmine.

857 1274 917 1308 9b.
945 1274 1087 1314 Speciali
1112 1276 1281 1316 sepultura

943 1323 1136 1355 Meritorum
1165 1324 1204 1356 de
1229 1333 1382 1357 mensura

992 1371 1147 1411 Magnum
1173 1375 1264 1405 tenet
1288 1372 1442 1407 indicem.

154 1447 195 1480 10
208 1457 236 1480 a.
249 1448 312 1480 Per
338 1450 379 1489 te,
412 1450 536 1490 sancta,
562 1448 606 1479 sit
630 1451 786 1480 transnus
847 1448 890 1482 10
900 1447 1108 1481 b.Promissa
1133 1449 1196 1481 tuis
1222 1450 1375 1490 precibus

250 1495 387 1528 Oontriti
413 1495 506 1528 nobis
530 1496 675 1539 spiritus⁷

297 1544 346 1576 Sit
371 1548 404 1576 et
428 1544 512 1576 stola
536 1545 681 1586 gemina3

942 1496 994 1528 Da
1019 1498 1147 1537 patriae
1171 1499 1374 1539 supplicibus

993 1544 1122 1577 Gaudia
1143 1546 1327 1581 intermina,

228 1619 316 1648 Grad.
345 1629 398 1649 ms.
418 1620 712 1649 Mosaetraiectinum
741 1630 818 1649 saec.
847 1618 890 1649 15.
933 1620 1004 1648 Cod.
1026 1621 1142 1658 Hagen.
1163 1622 1187 1649 Ι.
1209 1619 1236 1650 8.
1264 1638 1302 1643 —
1324 1621 1375 1657 Ga,
1401 1622 1415 1651 1
1437 1623 1484 1653 his

151 1658 233 1686 fehlt.
255 1674 290 1678 ——
313 1657 364 1693 91³,
386 1657 403 1688 3
424 1659 546 1695 Magum
569 1662 652 1688 tenet
671 1660 798 1689 iudicem
831 1674 868 1679 —-
887 1660 1033 1688 Melodie:
1064 1661 1192 1689 Lauda
1218 1661 1307 1690 Sion
1336 1663 1368 1690 in
1396 1663 1485 1692 freier

150 1697 354 1735 Behandlung.

569 1791 638 1824 230.
670 1792 713 1824 De
735 1796 847 1824 sancta
865 1791 1057 1824 Kathariua.

164 1862 221 1897 la.
249 1863 340 1895 Haec
366 1865 416 1896 est
442 1863 510 1895 dies
538 1864 700 1907 salutaris,

298 1913 440 1952 gaudeat
465 1912 610 1950 ecclesia,

249 1959 286 1991 In
313 1969 376 2000 qua
401 1960 491 2000 virgo
517 1959 692 1992 Catherina

298 2009 394 2048 petiit
421 2007 589 2049 caelestia3

164 2085 224 2118 2a.
253 2084 341 2117 Costi
367 2085 452 2125 regis
475 2083 544 2117 filia

299 2133 388 2174 virgo
415 2141 512 2165 carne
537 2134 693 2175 nascitur,

253 2181 333 2213 Inde
358 2180 548 2213 liberalibus

299 2229 415 2262 studiis
441 2228 607 2262 imbuitur.

164 2308 183 2340 :3
194 2315 224 2339 a.
251 2306 349 2339 Cuius
374 2306 408 2338 in
433 2314 543 2338 amore
564 2304 704 2346 flagrans

301 2353 426 2395 sprevit,
450 2354 648 2395 transitoria,

252 2403 305 2436 Ad
333 2405 465 2435 aeterna
489 2411 549 2443 per
574 2403 693 2436 acerba

301 2451 457 2486 festinans
483 2452 653 2492 supplicia.

857 1864 914 1898 lb.
943 1865 1162 1898 Iucundemur
1188 1870 1221 1898 et
1245 1868 1405 1900 laetemur

991 1913 1025 1944 in
1052 1914 1119 1946 eius
1145 1917 1319 1955 praeconio

942 1961 1036 1993 Diem
1064 1960 1181 1994 festum
1209 1964 1412 1997 celebrantes

992 2010 1127 2049 speciali
1153 2012 1282 2051 gaudio.

855 2084 915 2119 2b.
940 2085 1019 2119 Alto
1045 2090 1123 2121 nata
1142 2091 1308 2133 sanguine,

994 2134 1058 2168 fide
1082 2138 1141 2170 sed
1165 2139 1318 2180 nobilior,

946 2183 1076 2217 Christo
1102 2195 1221 2226 sponso
1247 2188 1402 2229 iungitur,

993 2241 1032 2264 ex
1058 2242 1119 2273 quo
1145 2239 1254 2267 manet
1279 2236 1442 2270 mundior.

859 2309 878 2341 3
887 2308 917 2341 b.
948 2308 1079 2341 Cunctis
1093 2311 1189 2343 rebus
1204 2312 1285 2344 haec
1297 2321 1486 2354 proponens

992 2359 1111 2390 meruit
1135 2359 1295 2401 accipere,

947 2405 1039 2445 Quod
1053 2414 1114 2437 nec
1130 2407 1241 2447 lingua
1256 2409 1344 2450 loqui
1363 2415 1482 2454 potest,

992 2461 1052 2485 nec
1078 2454 1163 2489 visus
1190 2459 1389 2498 prospicere.
