1656 2690
214 239 274 273 2a.

218 450 278 482 Sa.

215 613 276 645 4a.

216 826 276 857 5a.

217 1133 275 1166 6a.

217 1345 277 1377 va.

216 1700 274 1732 Sa.

217 1866 277 1898 9a.

188 2030 232 2063 10
243 2039 272 2064 a.

727 137 968 172 ,τδρ

301 239 383 276 Ave,
409 236 500 276 virgo
522 235 692 275 virginum,
903 235 964 269 2b.

303 285 429 326 Sponsa
452 282 538 323 regis
563 282 714 325 omnium,

355 331 558 372 Virginitatis

402 379 543 411 candens
560 378 674 419 lilium,
694 377 812 411 Maria.

305 448 387 487 Ave,
416 446 563 478 caelestis
589 444 775 488 margarita,
906 446 966 481 3b,

304 495 443 530 Caelesti
469 494 538 534 regi
565 502 715 534 congrua,

396 542 514 576 Maria.

302 611 384 654 Ave,
412 618 552 650 superna
907 610 968 644 4b.

353 661 469 691 cuncta
496 657 634 690 creantis

303 708 413 741 Mater
437 706 561 738 intacta

351 755 447 797 regim,
473 754 591 788 Maria.

301 825 384 865 Ave,
410 831 428 854 o
453 822 630 862 theotocos,
908 823 968 856 512,

302 873 392 913 virgo
418 870 586 911 peperisti,

302 922 393 961 virgo
419 917 509 950 fuisti

302 971 377 1010 post
400 970 529 1007 partum
555 973 748 1006 permanens

304 1018 431 1056 integra
456 1017 489 1046 et
511 1014 710 1056 incorrupta,

398 1061 516 1095 Maria.

302 1132 384 1171 Ave,
413 1129 531 1161 decora
909 1130 967 1164 61),

302 1177 411 1211 David
437 1176 515 1218 filia,

307 1227 395 1259 cuius
421 1228 471 1257 est
497 1224 538 1256 ab
563 1224 650 1256 intus
677 1223 790 1264 gloria,

399 1273 518 1306 Maria.

303 1343 386 1383 Ave,
411 1340 594 1380 benedicta,
910 1342 968 1376 71,-

309 1391 391 1423 caeli
416 1397 514 1428 super
538 1389 626 1419 astra
651 1387 799 1427 rutilans,

352 1437 495 1470 formosa
519 1438 554 1467 ut
580 1435 639 1478 sol,

302 1487 435 1519 radians
466 1487 503 1516 ut
527 1484 620 1525 luna;

302 1538 372 1567 tota
396 1533 533 1575 pulchra
558 1540 591 1563 es

302 1583 366 1615 Dei
390 1581 479 1615 velut
504 1589 633 1621 sponsa,

396 1629 515 1663 Maria.

302 1699 383 1743 Ave,
410 1697 465 1738 pia
906 1700 964 1733 8b.

302 1746 521 1788 peccaminum
547 1744 717 1783 medicina,

399 1794 516 1828 Maria.

301 1865 386 1907 Ave,
414 1863 517 1895 dulcis
543 1865 576 1894 et
600 1862 749 1905 benigna,
907 1865 966 1899 9b,

303 1913 372 1946 Tuo
397 1916 474 1945 nato
499 1920 558 1943 nos
582 1913 765 1951 praesenta,

350 1962 375 1994 Ο
401 1958 482 1991 felix
506 1959 623 1993 Maria.

298 2031 379 2070 Ave,
405 2028 534 2060 domina
559 2027 651 2066 caeli,
880 2028 965 2061 10b,

300 2080 408 2109 terrae
434 2078 467 2107 et
490 2076 600 2117 maris,
624 2075 743 2108 Maria.

990 236 1072 276 Ave,
1097 245 1171 268 rosa
1199 236 1240 268 de
1264 235 1368 277 spina,

992 283 1190 325 Regium-um
1216 283 1359 323 domina,

1043 332 1091 364 Te
1115 332 1312 365 benedicunt

1092 381 1182 424 caeli,
1209 383 1327 422 terrae,
1353 378 1471 412 Maria.

993 448 1075 490 Ave,
1101 449 1238 482 rutilans
1260 448 1351 479 velut
1374 455 1460 489 rosa,

993 496 1129 529 Aestivo
1153 497 1222 529 sole
1246 495 1382 538 fulgida,

1090 545 1208 579 Maria.

993 611 1077 652 Ave,
1102 612 1263 644 caelorum

1045 660 1183 704 domina,
1207 660 1310 703 virgo,

993 708 1102 741 Mater
1127 712 1161 740 et
1183 718 1304 749 sponsa

1041 756 1115 798 Dei,
1137 757 1254 789 Maria.

993 824 1076 865 Ave,
1104 833 1122 856 o
1149 824 1280 856 eusebia

995 872 1111 904 Noemi
1134 871 1286 913 formosa,

996 921 1092 952 stella
1117 921 1297 962 praeclara,

995 969 1196 1008 praecellens
1223 971 1341 1010 cetera,

993 1016 1107 1049 inclita
1132 1019 1165 1048 et
1188 1016 1259 1048 sine
1286 1016 1370 1059 labe,

1089 1064 1207 1097 Maria.

993 1131 1074 1175 Ave,
1103 1134 1290 1164 cunctarum

996 1179 1094 1211 decus
1118 1180 1279 1221 virginum

997 1230 1029 1259 et
1052 1228 1150 1268 plena
1175 1228 1282 1269 gratia
1305 1227 1447 1268 Domini,

1091 1276 1210 1310 Maria.

995 1344 1078 1383 Ave,
1105 1344 1246 1385 gloriosa

995 1391 1068 1424 Iesu
1077 1392 1208 1425 Domini
1221 1392 1379 1434 genetrix,
1394 1392 1503 1431 splen-

1045 1439 1144 1473 diflua
1170 1444 1285 1473 cuncta

997 1488 1168 1521 Cherubim
1196 1488 1310 1531 gloria,

994 1546 1125 1569 vincens
1152 1547 1259 1570 omma

993 1588 1178 1618 sanctorum
1203 1585 1341 1628 agmina,

1090 1634 1207 1668 Maria.

991 1702 1072 1745 Ave,
1099 1705 1212 1734 nostra

994 1752 1070 1790 post
1090 1749 1263 1783 Dominum
1290 1750 1377 1782 salus
1403 1753 1483 1792 tota,

1090 1798 1208 1832 Maria.

994 1866 1076 1908 Ave,
1103 1866 1163 1898 tibi
1188 1867 1257 1898 sine
1281 1865 1347 1898 fine

993 1914 1041 1946 Ut
1066 1915 1227 1954 possimus
1254 1915 1429 1946 decantare

1041 1962 1081 1994 In
1108 1962 1216 2003 caelis,
1243 1962 1363 1996 Maria.

992 2029 1073 2068 Ave,
1103 2032 1290 2062 cunctorum
1317 2039 1383 2073 era,

993 2076 1065 2109 Duc
1078 2087 1147 2119 nos,
1166 2087 1228 2119 quo
1242 2087 1364 2119 manes,
1382 2087 1510 2111 revera.

254 2145 336 2172 Miss.
360 2151 413 2171 ms.
434 2142 617 2178 Hispalense
637 2150 714 2170 saec.
736 2139 810 2170 ²⁴115.
853 2142 923 2171 Cod.
947 2143 1039 2171 Univ.
1060 2144 1183 2172 Ianuen.
1204 2145 1230 2172 A
1250 2144 1311 2173 VII
1330 2142 1358 2173 3.

191 2353 251 2386 la.

627 2267 671 2297 77.
703 2265 746 2297 Dc
767 2266 868 2298 Beata
888 2266 968 2298 Mari

971 2267 1051 2298 aV.

279 2352 360 2390 Ave,
387 2347 479 2390 virgo
503 2348 687 2389 singularis,
884 2349 943 2384 lb.
967 2350 1055 2381 Ante
1079 2352 1209 2390 partum
1236 2353 1267 2382 et
1291 2351 1325 2384 in
1352 2355 1449 2392 partu

274 2399 383 2432 Radix
407 2396 506 2438 Iesse,
533 2397 628 2429 stella
653 2397 762 2436 maris,

323 2447 433 2481 Mater
457 2445 530 2487 Dei,
557 2446 674 2480 Maria.

970 2397 1017 2430 Et
1039 2401 1115 2438 post
1137 2401 1267 2439 partum
1293 2400 1364 2432 sine
1388 2403 1478 2433 tactu

1018 2447 1116 2488 Virgo
1141 2457 1285 2488 manens,
1311 2449 1433 2483 Maria.
