1656 2690
700 131 963 167 —2892

168 221 221 250 4a.
245 223 399 259 Supernus
421 226 525 254 adoret
871 227 923 256 410.
945 228 1042 266 Atque
1062 228 1219 256 dulcisona

243 262 340 291 almus
361 263 470 292 chorus
941 276 1000 295 vox
1019 268 1161 295 virtutum

242 304 426 337 cunctusque
941 313 1052 334 sonora

240 341 380 376 populus,
400 341 473 377 alta,
941 346 1046 372 nostra
1064 344 1223 372 concordet

240 379 397 415 profunda,
419 382 544 415 montes,
565 381 698 413 flumina,
943 382 1015 410 odas
1036 383 1167 411 canendo
1190 383 1316 416 debitas,

242 435 365 465 Caelum
386 440 417 465 ot
436 438 537 465 sidera
947 439 1120 477 Cunctaque
1141 442 1318 477 concrepent

241 483 358 511 semper
378 475 529 504 Christum
945 480 974 506 et
994 479 1141 506 laetentur

242 513 414 549 Dominum⁷
436 514 594 543 laudantia
944 516 1032 553 plene
1052 517 1110 544 hac
1129 517 1178 545 (h'e
1198 525 1284 545 sacra

241 560 295 588 per
316 553 438 581 saccula
457 555 568 582 omnia.
943 554 1024 583 Elon
1043 555 1193 584 laudando
1215 556 1344 584 condita.

163 606 215 642 6a,
239 607 254 636 1
282 608 447 638 Laudando
469 610 501 639 F.
529 626 565 631 -—
592 609 642 644 6a,
665 610 682 639 2
709 612 840 640 iubilant
860 611 920 641 FG.
946 627 984 632 -
1012 611 1064 646 6b,
1086 610 1104 640 3
1130 613 1234 641 aethra
1254 613 1314 642 EF.
1341 627 1380 633 —-
1412 612 1466 646 712,
1487 610 1505 641 3

164 648 218 675 ubi
231 648 291 676 BC.
318 662 355 668 -·
384 647 435 682 83,
459 648 474 677 1
496 652 637 685 personet
657 650 688 678 C.
709 665 747 670 —
768 647 820 683 81),
836 648 856 677 4
876 653 946 678 sunt
966 653 1136 679 sanctorum
1158 650 1192 679 G.
1218 666 1256 671 —-
1286 649 1354 685 103,
1375 649 1393 678 5
1420 651 1506 679 iiber-

163 686 277 722 ziihlig.
305 701 342 706 —
372 685 442 721 lob,
462 686 483 716 4
507 689 649 716 canentia
669 688 704 717 G.
728 703 768 708 -
797 687 867 721 lob,
891 686 909 718 6
931 691 1054 717 aeterna
1075 689 1134 717 alle
1153 690 1226 718 Hss.
1245 705 1284 709 —
1306 688 1341 717 11
1352 699 1378 724 a,
1400 688 1419 716 2
1439 698 1506 717 cum

165 725 227 752 illis
245 725 276 753 C.
300 740 335 744 ——
359 723 430 760 lla,
445 725 465 754 4
484 726 523 754 ad
536 727 654 755 moenia
670 726 703 755 G.
726 740 764 746 —
785 726 869 755 Nach
886 725 931 761 12,
947 726 964 755 2
985 728 1078 756 Amen
1103 730 1132 755 et
1151 727 1249 765 gloria
1267 726 1351 764 (statt
1372 727 1423 756 des
1445 729 1506 756 ein-

166 763 274 791 faehen
297 763 405 799 Amen)
422 764 484 793 FG.

585 867 654 899 334.
685 867 730 900 De
750 867 871 900 sanctis
892 867 1099 907 martyribus.

178 948 196 981 1
211 956 240 982 a.
268 947 491 988 Triumphalis
518 949 637 982 donum
662 950 750 983 vitae
880 949 939 983 ib.
965 949 1180 982 Exsolvamus
1206 949 1320 982 laudes
1348 949 1427 990 Deo,

268 996 334 1028 Per
360 1000 522 1029 certamen
549 998 723 1039 insignitae
967 997 1041 1030 Non
1065 997 1098 1029 in
1125 996 1223 1030 corde
1248 997 1430 1036 pharisaeo,

320 1044 541 1077 Memorantes
566 1045 686 1086 iugIter
1015 1045 1119 1078 Immo
1145 1045 1350 1078 unanimiter.

181 1122 242 1154 2a.
270 1121 375 1162 Saxis,
403 1120 502 1164 ferro,
529 1131 623 1163 aqua,
649 1122 717 1163 igni
883 1122 942 1156 2b.
970 1121 1116 1155 Diversis
1142 1120 1258 1154 afflicti
1283 1122 1396 1162 poenis

270 1168 498 1209 Exponuntur,
526 1170 641 1210 quibus
669 1170 759 1211 digni
971 1169 1056 1202 Sunt
1087 1179 1157 1202 cum
1183 1170 1314 1203 Christo
1340 1179 1380 1202 ex
1406 1170 1515 1211 egenis

321 1217 395 1250 Non
421 1221 496 1250 sunt
522 1218 634 1251 mundi
660 1218 791 1251 limites.
1019 1219 1089 1251 Iam
1115 1217 1220 1250 effecti
1247 1218 1374 1253 divites.

183 1296 203 1328 3
218 1303 250 1328 a.
276 1295 419 1335 Quorum
444 1295 545 1328 vitam
571 1296 770 1329 aemulantes
885 1295 945 1330 3b.
972 1295 1027 1328 Sic
1051 1296 1193 1329 adversa
1214 1296 1402 1338 toleremus,

272 1343 318 1376 Et
342 1343 515 1377 mundanis
540 1344 737 1377 reluctantes
975 1343 1022 1377 Ut
1047 1344 1226 1384 gaudentes
1252 1344 1434 1377 habitemus

320 1391 481 1425 Vitiorum
506 1392 644 1426 nexibus
1023 1393 1103 1426 Cum
1126 1392 1274 1433 supernis
1301 1392 1433 1425 civibus.

250 1468 335 1495 Miss.
362 1476 417 1496 ms.
443 1468 627 1504 Hispalense
653 1476 730 1497 saec.
758 1465 835 1496 14115.
878 1467 948 1496 Cod.
975 1467 1066 1496 Univ.
1089 1468 1214 1496 Ianuen.
1236 1468 1262 1496 A
1282 1467 1343 1496 VH
1362 1466 1389 1496 3.
1411 1468 1446 1496 A.
1478 1484 1517 1488 —

170 1507 256 1534 Miss.
277 1515 332 1534 ms.
346 1506 531 1544 Hispalense
552 1514 630 1535 saec.
651 1505 698 1535 15.
728 1506 800 1535 Ccd.
815 1506 985 1534 Columbin.
999 1504 1048 1541 83,
1064 1504 1109 1534 15.
1123 1506 1158 1534 B.
1179 1521 1217 1526 —-
1237 1506 1324 1534 Miss.
1337 1515 1391 1535 ms.
1405 1507 1516 1543 Hispa-

172 1544 256 1573 lense
276 1552 354 1573 saec.
379 1543 423 1572 15.
459 1543 529 1574 God.
553 1545 720 1574 Columbin.
741 1545 899 1582 Hispalen.
916 1542 962 1581 83,
980 1543 1025 1574 17.
1049 1545 1081 1572 C.
1101 1559 1139 1565 -—
1159 1545 1245 1574 Miss.
1265 1554 1319 1574 ms.
1335 1545 1512 1582 Hispalenss

172 1591 250 1611 saec.
266 1582 312 1612 15.
347 1583 418 1612 God.
440 1583 609 1612 Columbin.
629 1585 788 1622 Hispalen.
809 1585 929 1618 Vinia„
958 1581 1003 1611 12.
1025 1585 1062 1613 D.
1083 1598 1122 1603 —
1140 1584 1226 1613 Miss.
1245 1583 1429 1621 Hispalense
1448 1586 1518 1621 imp.

174 1622 297 1658 Hispali
320 1620 403 1650 1507.
430 1622 466 1651 Ε.
493 1637 533 1643 --
562 1620 613 1657 23,
630 1623 644 1652 1
666 1623 743 1651 ferro
765 1625 855 1659 atque
875 1623 910 1651 A.
932 1639 969 1644 —
993 1623 1052 1652 Die
1073 1624 1208 1659 Sequenz
1229 1623 1329 1652 wurde
1350 1623 1520 1652 verwendet

177 1662 242 1697 „De
262 1669 322 1689 uno
343 1659 501 1698 martyre.“

595 1777 663 1810 335.
695 1777 738 1810 De
758 1776 880 1810 sanctis
899 1776 1103 1818 Martyribns.

188 1860 249 1893 la.
275 1860 328 1894 Ex
354 1869 457 1901 agone
482 1860 647 1902 sanguinis
892 1859 953 1894 ib.
980 1859 1078 1892 Scuto
1104 1861 1192 1892 tutus
1217 1858 1295 1892 fidei

276 1911 398 1943 Arcem
423 1909 555 1942 scandit
580 1909 729 1943 culminis
981 1908 1150 1941 Cruciatus
1175 1907 1277 1940 ferrei

274 1958 472 2000 sempiterni
497 1958 628 1991 luminis
978 1956 1102 1991 Evadit
1126 1956 1228 1990 eculei

325 2007 511 2049 Martyrum
538 2006 711 2040 exercitus.
1027 2005 1212 2048 Martyrum
1236 2005 1409 2038 exercitus.

190 2087 251 2119 2a.
279 2085 427 2119 Fervens
454 2085 580 2126 spernit
605 2086 721 2125 oleum,
891 2083 951 2119 2b.
979 2082 1194 2126 vilipendens
1219 2085 1338 2125 terrea,

278 2134 419 2168 Globum
445 2133 564 2167 transit
588 2133 716 2175 igneum
978 2132 1097 2166 Mortis
1123 2130 1232 2165 ferens
1257 2141 1376 2173 aspera

279 2183 395 2217 Crucis
419 2185 535 2215 tenens
559 2182 711 2224 clypeum
979 2180 1095 2214 Victor
1116 2180 1246 2213 scandit
1266 2181 1402 2213 aethera

324 2232 509 2274 Martyrum
537 2231 710 2266 exercitus,
1026 2228 1211 2271 Martyrum
1238 2229 1410 2263 exercitus.

186 2311 250 2345 3a.
276 2310 433 2345 Suffultus
460 2309 644 2343 constantia
891 2309 949 2344 3b.
977 2308 1225 2342 Tormentorum
1252 2309 1360 2341 omnia

275 2359 428 2393 Emolliri
453 2358 565 2392 nescia
981 2357 1145 2399 Superans
1172 2357 1272 2391 exitia

275 2407 420 2441 Exercet
445 2408 611 2450 magnalia
982 2405 1074 2440 Caeli
1098 2408 1188 2440 'tenet
1212 2405 1330 2447 gaudia

326 2456 511 2498 Martyrum
538 2456 714 2490 exercitus,
1031 2454 1218 2496 Martyrum
1242 2453 1416 2488 exercitus.

237 2515 344 2539 Blume
353 2533 359 2543 ,
377 2517 529 2545 Sequentiae
546 2516 669 2541 Ineditae.
696 2515 725 2541 V.
1314 2498 1349 2530 19
