1656 2690
690 134 953 169 —228—

596 226 657 258 261.
689 227 732 258 De
755 229 864 259 sancto
886 228 1043 262 Mauritio.

171 299 228 333 la.
254 295 372 339 Magno
400 306 508 329 rerum
535 299 684 338 creatori,
862 299 921 332 ib.
951 298 1004 335 Ad
1018 311 1111 343 quem
1125 311 1237 334 manus
1252 301 1490 341 expandentem

256 346 492 379 Plasmatorum
518 346 674 378 salvatori
949 349 995 381 Et
1018 351 1052 382 in
1078 358 1174 382 cruce
1198 350 1360 382 sitientem

303 395 427 435 Houor,
453 394 524 425 laus
551 397 583 425 et
607 395 720 434 gloria,
999 398 1119 430 Tracta
1145 402 1280 430 currunt
1304 398 1421 430 omnia.

169 463 227 495 2a.
256 458 300 494 Vi
328 461 476 494 clamoris
503 462 591 502 passi
615 461 679 494 Dei
863 463 924 499 2b.
949 461 1073 506 Regem
1099 473 1211 505 regum
1238 468 1443 505 venerantur,

257 510 491 542 Praedicantur
517 512 550 541 et
574 509 717 542 Thebaei
949 512 1153 546 Hierusalem
1178 512 1387 552 baptizantur

305 557 460 591 Conversi
487 556 611 600 deifice,
999 560 1099 593 Urbis
1124 570 1144 592 a
1167 559 1331 601 pontifice.

162 626 182 658 3
197 634 228 660 a.
254 622 349 659 Intra
373 626 509 659 Romam
535 624 765 658 confirmantur
862 627 923 661 3b.
951 625 1072 662 Contra
1094 628 1186 668 pacis
1210 628 1320 661 hostes
1347 632 1461 670 gerunt

258 674 359 707 Sacra
382 672 458 715 fide,
487 674 561 706 dum
588 677 753 707 sectantur
950 676 1062 717 Arma,
1089 676 1209 708 iustum
1234 677 1359 709 nullum
1381 681 1492 710 terunt

307 722 442 763 Aquilas
467 722 607 764 imperii,
998 725 1191 757 Innocentes
1217 724 1289 758 filii.

169 793 234 822 42.
262 787 359 824 Iussu
383 790 469 831 regis
496 790 558 822 diis
584 790 715 831 libatur,
863 790 922 823 4b.
950 788 1016 825 Ubi
1041 792 1147 824 locum
1172 792 1256 823 tanti
1281 793 1356 825 mali

258 837 346 870 Grex
372 837 541 871 Thebaeus
567 838 757 871 absentatur
948 839 1151 872 Declinando
1176 840 1318 880 spiritali

304 886 467 919 Suadente
489 886 655 928 Mauritio,
996 888 1039 921 Se
1066 888 1122 921 det
1147 889 1312 921 exercitio.

170 955 228 987 5a.
257 951 332 988 Stat
355 954 494 986 invictus
520 954 612 985 miles
638 953 732 986 fortis
861 953 920 987 5b.
950 951 1036 988 Deos
1062 954 1173 995 plures
1197 954 1386 998 detestatur,

257 1002 303 1034 Et
328 1002 487 1034 contemni
514 1001 615 1033 minas
640 1003 753 1034 mortis
949 1002 1053 1034 Deum
1078 1011 1176 1034 unum
1202 1007 1376 1036 veneratur

305 1050 404 1082 Sacro
431 1049 526 1081 docet
549 1050 681 1093 monitu,
995 1050 1113 1083 Sancto
1141 1059 1209 1082 oum
1238 1052 1392 1085 exercitu.

168 1118 226 1149 6a.
255 1114 357 1150 Velut
379 1126 491 1149 aurum
518 1117 769 1157 comprobantur
860 1117 919 1150 6b.
946 1115 1053 1151 Xristi
1080 1126 1190 1150 servos
1216 1118 1395 1160 imitantur,

257 1164 378 1207 Sancti,
406 1164 481 1196 dum
504 1165 554 1196 bis
578 1166 790 1206 decimantur,
949 1165 1009 1205 Qui
1034 1170 1217 1209 supersunt,
1245 1167 1304 1199 sed
1321 1168 1487 1200 laetantur

301 1214 425 1245 Aurum
452 1213 522 1244 sine
547 1213 670 1256 scoria3
994 1215 1120 1246 Passim
1146 1214 1241 1247 clade
1266 1216 1375 1248 tertia.

169 1282 187 1313 7
196 1289 225 1313 a.
253 1278 327 1321 Eia,
356 1280 479 1313 caelum
504 1281 708 1321 iucundatur,
861 1280 918 1313 7b.
947 1278 1053 1314 Terra
1077 1290 1188 1313 recens
1215 1282 1430 1326 humectatur,

253 1329 328 1361 Uno
356 1329 410 1361 die
435 1328 519 1368 quod
546 1331 679 1361 ornatur
947 1328 1054 1370 Signis
1080 1330 1171 1362 novis
1197 1329 1392 1363 fecundatur

303 1377 367 1409 Tot
391 1380 575 1408 sanctorum
600 1377 753 1417 pignore3
994 1377 1039 1409 Et
1063 1378 1227 1418 signorum
1254 1377 1395 1412 foenore.

168 1444 228 1478 8a.
255 1442 378 1478 Milium
405 1452 462 1475 sex
487 1447 704 1476 sescentorum
860 1444 918 1477 8b.
947 1442 1062 1478 Almus
1091 1453 1185 1477 cruor
1209 1447 1395 1487 Agaunensi

255 1492 429 1533 Sexaginta
454 1501 510 1523 sex
536 1495 710 1524 stratorum
948 1492 1042 1533 Rupe
1067 1492 1158 1526 fusus
1186 1494 1396 1527 Rhodanensi

303 1540 504 1573 Goheredum
529 1540 660 1572 Domini
994 1541 1061 1574 Dat,
1085 1546 1291 1582 augmentum
1316 1541 1450 1577 flumini.

167 1609 226 1641 9a.
253 1605 383 1642 Rorant
407 1607 488 1640 caeli
515 1608 612 1639 decus
637 1607 719 1650 orbi,
860 1607 918 1641 9b.
947 1605 1088 1641 Tantum
1114 1609 1195 1641 nulli
1222 1614 1420 1653 meruerunt,

251 1656 359 1698 Fugat
382 1664 482 1698 genus
508 1664 601 1688 omne
625 1655 730 1688 morbi

300 1705 482 1746 Martyrum
508 1705 673 1747 precati03

946 1656 1002 1699 Ut,
1030 1657 1085 1697 qui
1111 1660 1213 1689 semet
1236 1658 1467 1698 impenderunt

994 1705 1120 1738 Horum
1146 1707 1337 1745 patrociniO.

157 1773 202 1806 10
213 1782 242 1805 a.
255 1769 336 1813 Iesu,
367 1775 480 1813 partus
507 1772 631 1805 ventris
658 1773 749 1811 casti,
853 1772 935 1805 10b.
945 1769 1049 1813 Regni
1077 1773 1123 1804 tui
1150 1772 1262 1806 confer
1287 1784 1412 1819 munus,

250 1821 359 1853 Morte
384 1829 478 1853 sacra
502 1829 580 1861 quos
603 1821 737 1853 salvasti
949 1820 1008 1860 Qui
1035 1830 1105 1853 cum
1132 1825 1227 1861 patre
1251 1822 1340 1855 Deus
1365 1833 1448 1857 unus

298 1870 415 1902 Mortis
441 1868 481 1900 ab
507 1869 650 1911 interitu,
995 1869 1041 1901 Es
1069 1872 1099 1902 et
1123 1874 1235 1902 sancto
1261 1872 1389 1911 spiritu.

230 1936 315 1963 Missr
337 1944 390 1963 ms.
411 1934 598 1962 Belisianum
618 1943 695 1962 saec.
719 1932 763 1962 15.
802 1933 872 1962 Cod.
893 1935 1063 1963 Bruxellen.
1086 1933 1248 1964 9786—90.
1270 1952 1307 1956 --
1328 1936 1380 1972 21),
1404 1939 1418 1967 1
1440 1938 1488 1966 Ex

158 1974 295 2008 clamore,
310 1982 405 2011 gegen
418 1973 471 2001 das
485 1972 700 2001 Akrostichon:
715 1972 881 2000 Mauricius
896 1973 955 2000 dux
970 1976 1000 2001 et
1012 1975 1125 2002 martir.
1146 1989 1183 1993 —-
1203 1973 1256 2010 9b,
1268 1973 1286 2004 3
1299 1976 1440 2011 Quorum.
1451 1992 1491 1996 —

153 2012 217 2078 &Tel
225 2013 450 2080 {glgaienati
477 2015 756 2039 sacrosanctae.
784 2026 820 2031 —-
851 2012 912 2039 Aus
940 2012 1096 2041 derselben
1118 2012 1223 2046 Quelle
1243 2015 1331 2043 Anal.
1351 2016 1490 2044 Bolland.

199 2071 205 2085 ,
288 2073 294 2078 .

592 2136 659 2167 262.
690 2136 735 2168 De
756 2137 865 2167 sancto
888 2136 1047 2169 Mauritio.

165 2207 221 2240 la.
249 2207 366 2240 Omnes
388 2207 579 2240 Mauritium
605 2211 788 2247 precentur,

252 2255 365 2288 Cuncti
390 2258 585 2287 venerentur

860 2207 919 2240 ib.
948 2208 1091 2241 Militum
1117 2210 1188 2249 ipse
1213 2210 1438 2244 Thebaeorum

947 2257 1104 2300 Princeps
1131 2262 1191 2300 est,
1217 2259 1361 2291 virorum

251 2303 297 2337 Ut
323 2304 441 2336 dentur
946 2304 1148 2348 Sanctorum,

251 2353 328 2386 Post
354 2355 488 2386 mortem
946 2353 1008 2392 Qui
1033 2356 1100 2387 toto

250 2401 363 2442 Regna
387 2400 480 2434 nobis
505 2401 538 2433 in
564 2403 683 2433 sortem
950 2400 1073 2434 Cuncta
1098 2411 1252 2442 sprevere
1277 2408 1352 2437 voto

300 2449 469 2483 Caelestia.
995 2450 1191 2484 Terrestria.
