1656 2690
700 131 939 168 -75‘

160 226 222 259 6a.
251 226 437 267 Voluptatis
463 228 637 268 paradisus
860 231 918 265 6b.
948 229 1071 263 Cedrus
1098 228 1212 271 fugans
1240 230 1400 262 venenata

250 273 458 315 Libanusque
483 284 548 307 non
573 276 693 308 incisus
947 278 1195 311 Haereticorum
1223 278 1374 319 dogmata

299 322 436 363 spirans
460 322 631 357 beneficia.
997 327 1114 360 Odoris
1141 326 1327 367 fraglantia.

160 399 222 431 ¹7a.
249 398 420 431 Balsamus
456 403 489 431 et
515 399 764 441 cinnamomum,
860 403 918 437 7b.
947 403 996 434 Tu
1024 404 1138 436 civitas
1165 401 1294 444 refugii,

246 446 298 478 Ex
324 451 357 479 te
382 445 462 479 feeit
486 447 551 479 sibi
579 448 707 480 domum
947 450 1028 490 Spes
1053 451 1154 483 totius
1179 451 1302 494 auxilii,

296 495 386 528 Deus
413 504 528 528 creans
554 496 671 529 omnia.
996 499 1044 531 Tu
1070 500 1125 539 pia
1150 499 1309 540 potentia.

159 576 221 609 sa.
248 574 376 614 Turris,
402 583 485 615 quae
510 574 622 614 nequit
649 574 735 606 deici
859 575 920 609 8b.
949 575 1054 616 Nunc,
1081 575 1172 617 virgo
1200 576 1407 616 venerabilis,

245 622 277 654 A
303 621 389 654 faeie
416 622 551 662 inimici,
950 624 1012 655 Per
1037 626 1070 655 te
1095 623 1139 655 sit
1163 623 1358 657 excusabilis

296 670 438 712 DiceriS,
466 680 484 703 0
507 670 625 704 Maria.
996 671 1118 703 Nostra
1143 672 1316 714 iniustitia,

162 750 222 782 9a.
251 747 302 780 Ne
327 757 385 781 nos
412 757 472 789 pro
497 750 609 780 nostro
636 747 715 780 vitio
862 747 921 781 9b.
950 746 1015 779 Sed
1042 748 1169 789 gaudiis
1196 750 1303 780 tecum
1329 746 1394 780 frui

252 796 453 839 Deputemur
470 796 632 838 supplicio
948 794 1015 827 Nos
1043 804 1235 836 quaesumus
1261 796 1347 829 servi
1373 796 1420 828 tui

298 845 411 878 Hostis
437 855 457 878 a
482 845 638 885 nequitia,
997 843 1157 883 Queamus
1181 845 1215 876 in
1240 844 1356 884 gloria.

231 911 366 941 Oration.
395 922 450 941 ms.
478 914 644 949 Campense
669 913 742 940 anni
770 909 855 940 1462.
902 911 973 939 Cod.
1001 911 1223 940 Darmstadien.
1252 909 1319 939 521.
1340 925 1378 929 —
1399 909 1450 947 612,
1478 909 1492 938 1

153 951 268 989 fugens.
292 967 325 970 —
348 951 402 986 7b,
424 949 442 980 3
463 954 523 989 pie.
544 968 552 972 -
570 968 582 972 -
601 946 792 980 Uber-schrift
810 952 843 978 iu
864 950 915 978 der
935 950 991 978 Hs.
1014 947 1155 988 „Prosa“.

610 1046 657 1078 75.
689 1046 732 1077 De
752 1045 852 1077 Beata
872 1043 976 1077 Maria
997 1046 1032 1076 V.

166 1118 227 1152 la,
253 1118 337 1159 Ave,
365 1119 439 1150 Iesu
464 1120 570 1150 mater
595 1118 661 1160 pia,
866 1116 927 1150 lb.
952 1117 1035 1159 Ave,
1063 1117 1160 1149 decus
1188 1117 1356 1161 virginale,

253 1166 371 1198 Mundi
397 1166 515 1211 lumen,
546 1175 564 1198 o
590 1165 708 1208 Maria,
953 1164 1004 1197 De
1030 1175 1094 1206 qua
1120 1165 1268 1198 Christus
1294 1165 1460 1206 singulare

303 1214 425 1247 Salutis
450 1214 640 1249 triclinium.
1002 1214 1100 1247 Vitae
1122 1213 1233 1254 prodit
1259 1214 1373 1246 lilium.

165 1294 226 1326 2a.
254 1292 303 1324 Tu
329 1293 491 1334 signatum
518 1294 550 1323 et
574 1294 737 1325 sacratum
864 1292 926 1325 2b.
953 1291 1003 1323 Tu
1029 1293 1163 1331 superni
1190 1291 1370 1325 Salomonis

256 1341 332 1383 Vas,
359 1341 496 1381 politum
523 1346 556 1372 et
583 1340 746 1374 conditum
953 1340 1114 1380 Thronus,
1142 1340 1246 1373 vellus
1272 1340 1435 1373 Gedeonis

303 1388 517 1422 Condimento
543 1390 678 1430 gratiae.
1001 1388 1048 1421 Es
1072 1392 1216 1421 roratum
1242 1389 1380 1421 numine.

167 1469 226 1501 3a.
256 1466 369 1499 Nescit,
393 1468 533 1500 mundus
559 1467 621 1499 tibi
646 1475 770 1509 parem,
868 1466 926 1500 3b.
954 1466 1053 1505 Rosa,
1083 1475 1201 1499 novum
1224 1467 1346 1507 promis
1372 1464 1494 1510 florem,

255 1515 338 1547 Nam
361 1524 421 1558 per
439 1516 580 1556 palmam
600 1515 795 1556 singularem
955 1515 1015 1555 Qui
1041 1513 1169 1548 refovet
1193 1524 1253 1556 per
1279 1516 1412 1548 odorem

303 1564 365 1597 Dei
392 1573 426 1596 es
452 1564 638 1605 hospitium.
1004 1563 1180 1596 Sunamitis
1205 1562 1319 1597 filium.

166 1644 227 1676 4a.
256 1642 306 1674 Tu
330 1643 364 1675 in
392 1643 474 1675 caeli
497 1643 587 1675 curia
868 1641 929 1675 4b.
958 1641 1051 1674 Luna
1076 1645 1208 1681 praeest
1233 1642 1381 1674 omnibus

256 1691 368 1724 Habes
394 1691 578 1733 privilegia,
958 1690 993 1722 ln
1022 1690 1110 1722 caelo
1136 1690 1310 1732 sideribus,

255 1740 455 1782 Angelorum
484 1739 623 1781 domina,
956 1738 1011 1771 Sic
1035 1742 1070 1771 tu
1095 1747 1210 1778 praees
1237 1739 1385 1771 omnibus

305 1788 438 1822 Cunctis
452 1790 624 1830 praestans
641 1787 797 1820 coetibus.
1006 1787 1072 1820 Sub
1100 1788 1189 1820 caelo
1218 1787 1418 1828 degentibus.

169 1868 231 1901 5a.
258 1867 339 1906 Ave,
369 1866 459 1907 virgo
486 1867 611 1899 laetans
637 1865 774 1907 prolem,
869 1865 928 1899 512.
957 1865 1040 1908 Ave,
1067 1866 1156 1899 Iesse
1181 1874 1313 1908 germen
1340 1865 1459 1898 iustum

260 1915 363 1949 Stella
387 1915 460 1948 sinu
487 1914 601 1948 fovens
627 1914 739 1955 solem,
956 1913 1495 1947 Fructumterraedansvenustum

306 1963 507 2006 Angelorum
537 1964 677 1997 domina.
1006 1964 1071 1997 Per
1096 1972 1217 1996 aroana
1241 1963 1375 1997 semina.

523 2043 555 2077 6.
583 2043 681 2083 Nato,
706 2046 821 2082 mater,
849 2051 908 2075 nos
936 2042 1135 2085 commenda,

584 2092 631 2125 Ut,
657 2095 771 2124 exutos
796 2091 883 2123 omni
907 2091 1028 2123 menda

657 2140 727 2174 Nos
753 2141 840 2173 locet
861 2140 895 2172 in
922 2140 1036 2182 gloria.

237 2209 373 2238 Oration.
400 2218 454 2236 ms.
487 2209 653 2245 Campense
678 2209 751 2235 anni
778 2204 862 2236 1462.
904 2207 977 2237 Ood.
1004 2207 1225 2236 Darmstadien.
1247 2205 1313 2235 521.
1344 2222 1384 2227 —
1408 2205 1459 2242 5a,
1485 2204 1500 2233 1

159 2248 282 2277 lactens.
304 2264 344 2268 —
365 2249 424 2277 Die
447 2248 502 2276 Hs.
525 2247 701 2276 bezeichnet
720 2246 941 2275 Vorstehendes
963 2246 1176 2275 ausdriicklieh
1196 2247 1241 2275 als
1262 2244 1388 2281 „Prosa“

617 2343 663 2374 76.
694 2341 738 2373 De
759 2341 859 2373 Beata
879 2340 984 2375 Maria
1005 2341 1040 2372 V.

169 2417 229 2451 la.
256 2417 340 2459 Ave,
367 2416 510 2450 salutata
874 2412 933 2446 lb.
963 2415 1045 2453 Ave,
1072 2413 1160 2446 salus
1186 2414 1299 2446 mundi

306 2465 346 2498 ab
373 2465 488 2505 angelo
513 2463 639 2506 Maria;
1013 2471 1073 2502 per
1098 2470 1192 2502 quam
1221 2463 1319 2506 venit,
1346 2461 1465 2495 Maria.
