1656 2690
726 151 774 156 -
824 132 968 168 221-

203 228 263 260 2a.
285 228 451 261 Martinus
475 229 614 269 panium

195 490 252 523 3a.

189 752 249 785 42.

185 1275 243 1308 δα.

165 1739 242 1796 ᾈἪῇ
267 1769 303 1797 A.
330 1784 370 1788 —
395 1767 519 1797 St124b
545 1777 602 1806 sqq
583 1778 611 1806 q.
639 1769 739 1797 fehlen
764 1768 852 1797 BCD.

166 1808 347 1836 seheinlieh:
368 1808 497 1836 Mittit
517 1808 562 1835 ad
581 1809 778 1844 virginem.

169 2194 227 2226 2a.

170 2311 229 2344 32.

335 277 448 318 Egeno
472 277 598 318 tribuit,

288 324 379 357 Dans
406 325 435 357 ei
458 326 612 367 gaudium

335 374 434 407 Illum
458 374 614 406 sustinuit

385 422 464 455 Cum
490 432 548 455 suo
574 424 685 463 pallio.

279 489 318 522 In
345 489 466 522 somnis
491 491 665 530 praevidet

331 538 430 570 Miles
457 539 660 580 miraculum,

282 586 328 618 Et
354 586 442 619 Deus
464 588 619 627 providet

330 635 476 668 Mai-tino
502 636 657 676 populum

377 684 567 725 Regendum
593 684 759 717 Turonum
770 693 776 724 ;

279 750 493 784 Commendat
518 751 658 783 omnium

329 799 447 832 Curam
469 798 615 839 pontifici

278 847 415 881 Suarum
443 848 550 879 ovium

326 895 442 938 Gregis
470 896 623 928 dominici

374 943 519 977 Martino
544 945 699 985 praesuli.

244 1039 251 1046 .
278 1011 416 1044 Martini
443 1012 571 1044 bonitas

325 1060 388 1093 Est
413 1060 636 1104 sanctimonia,

276 1108 409 1141 Gelatur
433 1109 565 1141 nuditas

324 1158 406 1190 Cum
429 1160 521 1189 veste
545 1158 655 1190 media

369 1207 439 1239 Iam
465 1206 545 1238 nudi
570 1207 736 1247 pauperis,

272 1274 370 1307 Cuius
395 1273 562 1306 humilitas

320 1322 390 1354 Nos
416 1325 493 1363 agat
517 1322 670 1366 humiles,

272 1370 387 1403 Carnis
414 1370 567 1403 debilitas

319 1419 372 1451 Ne
396 1422 529 1452 nostrae
555 1420 680 1452 debiles

366 1467 419 1501 Ad
447 1476 483 1499 se
507 1477 567 1500 nos
592 1472 760 1509 provocet.

904 231 964 267 2b.
989 231 1063 264 Hac
1089 233 1179 265 veste
1203 232 1307 264 voluit

1040 280 1129 313 Caeli
1155 289 1213 312 rex
1237 281 1270 312 in
1275 280 1339 320 dui,

992 328 1140 362 Christus
1165 329 1319 370 apparuit

1037 377 1192 419 Martino‚
1218 376 1344 418 perfrui

1084 425 1150 458 Dat
1175 426 1262 458 vitae
1287 425 1416 467 gaudio.

900 491 961 525 3b.
992 492 1085 536 „Hac
1109 490 1219 524 veste“
1248 493 1407 525 Dominus

1038 538 1134 584 „Me“
1166 541 1277 573 dicens
1305 541 1444 584 „induit‚

988 589 1067 622 Cum
1094 588 1333 621 catechuminus

1034 636 1130 670 Hanc
1154 637 1241 669 nudo
1266 635 1400 670 tribuit“

1079 685 1147 718 Dat
1170 694 1317 718 somnum
1343 695 1504 721 resonum.

894 751 953 784 4b.
982 752 1083 784 Vultu
1108 752 1159 784 vir
1184 752 1315 785 humilis

1029 801 1080 833 Ac
1104 803 1213 832 mente
1237 802 1377 841 supplici

984 849 1130 881 Pastoris
1155 849 1270 881 similis

1030 898 1192 930 Personae
1218 897 1358 937 simplici

1078 944 1135 978 Fit
1159 948 1268 977 rector
1292 946 1418 986 populi.

893 1012 954 1048 5b.
982 1012 1135 1046 Gaudere
1159 1013 1267 1054 potuit

1026 1061 1143 1095 Nudus
1170 1070 1241 1093 cum
1266 1062 1366 1102 pallio
1379 1073 1388 1106 3

979 1109 1123 1142 Martino
1147 1109 1273 1150 profuit

1026 1159 1104 1191 Plus
1133 1158 1220 1190 vitae
1244 1159 1363 1199 gaudio

1073 1207 1154 1239 Frui
1181 1215 1252 1239 cum
1278 1208 1416 1248 superis,

890 1274 950 1308 ob.
978 1274 1077 1307 Istius
1102 1275 1263 1316 praesulis

1024 1324 1118 1356 Assit
1141 1323 1301 1363 protectio

974 1371 1136 1404 Subiectis
1161 1372 1303 1413 populis,

1023 1419 1130 1452 Caelis
1156 1420 1261 1452 oratio

1069 1468 1135 1501 Sua
1158 1477 1218 1500 nos
1246 1468 1393 1503 collocet.

246 1535 332 1562 Miss.
360 1544 414 1563 ms
445 1534 628 1571 Hispalense
653 1544 731 1564 saec.
758 1533 785 1552 1⁴
790 1543 838 1563 15.
881 1535 951 1563 Cod.
981 1535 1072 1564 Univ.
1093 1535 1218 1563 Ianuen.
1239 1536 1266 1563 A
1284 1535 1344 1563 VH
1369 1533 1396 1564 3.
1419 1537 1456 1564 A
1477 1550 1516 1554 ——

166 1574 252 1602 Miss.
276 1583 328 1602 ms.
349 1573 535 1609 Hispalense
556 1582 634 1602 saec.
658 1573 703 1602 15.
739 1574 809 1603 Cod.
826 1572 994 1602 Ο)Ιαω1)ἰη.
1014 1575 1090 1611 Hisp
1093 1574 1169 1602 alen.
1190 1571 1237 1607 85,
1261 1571 1297 1602 18
1331 1575 1514 1603 13.—Miss.

167 1622 224 1641 ms.
244 1613 432 1650 Hispalense
457 1621 535 1640 saec.
563 1611 608 1640 15.
643 1584 1347 1650 Cod.Columbin.Hispalen.Viti-in.12.C.
1428 1613 1516 1642 Miss.

170 1652 352 1689 Hispalense
379 1653 450 1685 imp.
473 1651 596 1688 Hispali
625 1650 707 1680 1507.
730 1654 768 1681 D.
789 1667 827 1672 —
850 1650 899 1686 la,
920 1651 941 1680 4
962 1653 1004 1681 Ut
1023 1661 1078 1680 ncs
1099 1652 1126 1680 D
1158 1667 1197 1671 —
1218 1649 1271 1685 3b,
1295 1650 1313 1679 2
1338 1651 1514 1681 Mendicens

168 1690 233 1726 ΑΟ,
259 1691 429 1719 Mendicem
451 1691 485 1718 B.
506 1707 544 1711 —
565 1688 618 1725 3b,
640 1689 658 1718 5
679 1700 786 1719 sonum
807 1700 947 1718 resonum
964 1692 1001 1719 D.
1022 1690 1181 1725 (Dominus
1203 1691 1255 1718 dat
1278 1700 1414 1719 somnum
1434 1700 1515 1719 reso-

318 1728 448 1758 verleiht
471 1729 538 1757 dem
559 1730 689 1758 Traume
709 1730 894 1765 Widerhall,
924 1727 1179 1765 Wirklichkeit?).
1201 1746 1239 1749 —
1259 1728 1312 1757 4a
1343 1727 1361 1758 3
1383 1730 1513 1758 Suarum

888 1783 900 1787 -
933 1767 986 1803 612,
1013 1767 1030 1796 5
1060 1765 1115 1797 Sui
1139 1768 1175 1795 A.
1196 1784 1236 1788 —
1254 1769 1388 1797 Melodie
1415 1769 1512 1797 wahr-

614 1932 684 1964 254.
716 1932 760 1964 De
781 1932 891 1963 saneto
913 1931 1060 1964 martino.

614 2015 646 2048 1.
673 2014 829 2056 Martine‚

675 2063 895 2097 confessorum
923 2072 1059 2106 gemma,

672 2113 860 2153 praesulum
886 2112 1002 2154 gloria,

254 2192 304 2225 Tu
331 2193 420 2226 vitae

255 2242 410 2283 perennis
436 2240 557 2282 gaudia

254 2310 398 2351 Liquisti

256 2359 381 2391 terreni
407 2358 494 2398 regis

255 2417 294 2439 ac
319 2412 449 2440 secutus

257 2456 379 2490 Christi
405 2456 566 2498 militiam,

875 2190 935 2225 2b.
963 2191 1145 2232 Amplexus

963 2242 1071 2273 aetate
1095 2243 1219 2272 tenera.

874 2308 936 2342 3b.
961 2308 1001 2342 In
1029 2318 1092 2350 qua
1115 2310 1150 2339 ‘te

960 2366 1091 2398 semper
1116 2365 1271 2389 exercens

961 2406 1132 2439 concitasti

960 2455 1064 2488 hostis
1089 2454 1247 2488 invidiam
