1656 2690
707 115 972 150 —149—

886 212 945 248 3b.
973 213 1045 246 Hoc
1067 213 1101 245 in
1126 212 1210 246 festo
1237 211 1421 244 venerando

972 261 1098 295 Illustri
1122 262 1191 304 regi
1215 260 1389 293 Fernando

1020 310 1107 343 Data
1133 314 1183 342 est
1207 309 1333 343 Sibilia.

886 377 946 412 4b.
973 378 1035 411 Eia
1060 386 1154 419 nuno,
1182 378 1277 410 beate
1299 376 1457 417 Clemens,

975 427 1022 460 Ut
1035 425 1077 458 sit
1090 426 1184 459 nobis
1195 425 1343 458 Christus
1359 424 1509 463 clemens

1025 475 1094 506 Fae
1120 477 1176 507 tua
1202 473 1384 507 elementia.

188 212 248 245 3a.
276 211 348 244 Hac
373 211 405 244 in
435 212 488 245 die
513 212 712 246 laetabunda

276 260 383 294 Multa
407 259 487 293 fecit
512 262 545 292 et
569 261 710 294 iucunda

324 310 461 342 placens
486 308 662 342 mirabilia.

186 378 248 410 da.
276 377 399 416 Quibus
424 376 506 410 fides
533 378 706 418 exaltatur,

274 425 317 457 Et
339 425 532 459 ‚Maurorum
559 426 612 459 lex
639 429 794 470 vastatur,

326 474 475 507 Gaudeat
499 474 670 515 Hispania.

567 543 598 576 5.
626 543 719 583 Auge
746 542 814 575 dies
839 545 951 575 nostro
977 542 1057 583 regi,

628 592 721 631 Auge
744 592 849 623 metas
876 592 1008 623 sanetae
1030 589 1107 631 legi,

672 639 766 679 Auge
790 638 884 671 nobis
911 638 1040 681 gaudia.

256 705 340 732 Miss.
368 713 422 733 ms.
448 705 631 742 His-palense
655 713 732 733 saec.
759 703 835 733 ¹4l15.
878 704 947 733 Cod.
974 705 1064 733 Univ.
1088 705 1212 733 Ianuen.
1233 704 1260 732 A
1281 704 1340 732 V11
1361 701 1387 731 3.
1410 704 1444 731 A.
1478 717 1516 722 —-

177 743 262 771 Miss.
284 751 338 770 ms.
360 743 544 780 Hispalense
565 752 641 772 saec.
666 742 710 771 15.
742 743 812 772 Ood.
836 743 1003 772 Columbin.
1020 744 1176 779 Hispalen.
1191 740 1240 777 83,
1257 741 1301 770 17.
1315 743 1349 770 B.
1373 757 1410 761 —
1430 742 1515 770 Miss.

178 790 230 809 ms.
253 781 436 817 Hispalense
456 791 533 810 saec.
558 780 602 810 15.
643 780 713 810 cod.
737 783 904 811 Columbin.
925 782 1082 818 Hispalen.
1104 780 1150 818 85,
1175 779 1219 810 18.
1243 782 1275 808 O.
1297 796 1333 801 —-
1354 781 1439 808 Miss.
1461 788 1515 808 ms.

176 819 359 857 Hispalense
383 828 460 848 saec.
478 819 522 849 15.
566 820 636 849 Cod.
659 820 827 850 Columbin.
848 820 1006 858 Hispalen.
1030 821 1138 848 Vitrin.
1156 819 1200 848 12,
1222 821 1259 848 D.
1280 834 1319 839 —
1338 819 1423 847 Misa.
1445 818 1517 846 His-

174 859 298 894 palense
322 860 394 896 imp.
421 858 544 896 Hispali
566 857 657 895 1507.ί
674 860 712 887 E.
733 875 772 879 —
794 858 843 894 la,
858 857 876 888 3
898 859 1014 888 Psallet
1040 859 1155 887 ABCD.
1176 874 1215 879 ——
1235 856 1286 893 3a,
1302 857 1318 886 l
1339 858 1401 886 Hie
1421 858 1456 885 A.
1477 871 1514 876 —

175 895 226 933 4a,
246 897 259 924 1
283 898 434 926 exultatur
454 898 571 927 BCDE.
594 914 628 917 —
652 897 709 926 Str.
732 897 749 926 5
769 898 845 927 fehlt
864 897 981 927 BODE.

533 1000 594 1035 167.
629 1002 672 1033 De
693 1002 802 1034 saneto
825 1001 985 1034 Clemente
1006 1001 1150 1034 metensi.

889 1074 947 1106 1b.
976 1074 1034 1115 Qui
1061 1073 1190 1105 beatum
1218 1070 1389 1104 collocavit

1025 1123 1223 1156 Clementem
1247 1120 1283 1152 in
1308 1119 1421 1162 gloria.

887 1191 945 1224 21³.
973 1190 1160 1223 Recolendo
1185 1189 1388 1231 gratulanter

1022 1239 1181 1279 praesulis
1207 1236 1385 1269 sollemnia.

186 1072 202 1105 1
218 1081 247 1106 a.
276 1072 356 1114 Regi
382 1081 505 1105 summo
532 1073 724 1106 exsultando

325 1121 470 1153 dicamus
496 1121 649 1166 Alleluia,

185 1189 247 1221 Za.
274 1188 313 1221 In
340 1189 402 1221 hae
427 1189 479 1221 die
505 1189 608 1222 omnis
633 1192 745 1222 nostra

320 1237 460 1278 gaudeat
487 1238 624 1270 ecclesia

184 1305 244 1337 3a.
274 1305 337 1338 Hie
362 1305 502 1347 insignis
530 1308 562 1337 et
587 1305 777 1346 praeclarus
886 1307 945 1341 3b.
973 1306 1196 1340 Praesulatum
1223 1305 1309 1337 rexit
1333 1304 1417 1337 iuste

318 1354 351 1387 in
380 1353 502 1387 Christi
529 1352 653 1388 familia

1019 1356 1106 1389 vitae
1132 1363 1264 1387 monens
1288 1353 1418 1395 gaudia.

180 1422 241 1454 4a,
270 1421 365 1455 Felix
392 1421 569 1465 confessor,
884 1424 945 1457 4b.
972 1424 1063 1464 Quod
1087 1423 1269 1455 illustraret

271 1471 322 1502 cui
348 1471 441 1503 dedit
465 1472 619 1512 princeps
645 1472 761 1505 Petrus
972 1471 1170 1505 Metensium
1195 1470 1323 1512 plebem
1353 1468 1416 1502 fide

319 1519 400 1552 haec
424 1529 520 1553 saera
545 1518 664 1561 officia,
1022 1521 1141 1553 docens
1167 1519 1341 1560 spiritalia.

181 1589 241 1621 ὕει.
272 1586 423 1619 Pontifex
451 1587 575 1628 doetuS,
604 1587 746 1629 humilis,
885 1589 945 1623 5b.
973 1586 1172 1621 Aedificavit
1197 1586 1335 1620 firmiter

318 1635 470 1668 immunis
496 1636 631 1678 malitia,
1019 1637 1150 1678 sapiens
1177 1636 1296 1669 altaria

270 1684 391 1717 Plenus
413 1684 484 1717 Deo
510 1683 660 1726 effugavit
972 1687 1080 1726 Atque
1105 1685 1234 1726 plebem
1259 1685 1427 1726 reparavit

318 1733 468 1766 draconis
494 1734 641 1774 imperia.
1018 1734 1053 1766 in
1077 1733 1231 1776 baptismi
1257 1734 1374 1775 gratia.

181 1805 243 1836 (ia.
271 1801 369 1835 Unde
394 1803 507 1834 nostra
533 1801 649 1835 cohors
676 1802 773 1846 laeta,
880 1804 939 1838 6b.
967 1802 1072 1835 Melos
1098 1802 1215 1835 chorus
1241 1805 1333 1834 sonet
1357 1801 1406 1835 ita

269 1849 337 1891 poli
363 1852 479 1891 petens
505 1850 602 1895 celsa,
971 1851 1166 1884 celebrando
1193 1850 1287 1894 festa,

270 1898 425 1931 divinitus
452 1908 590 1932 accensa
969 1900 1136 1932 humiliter
1159 1899 1344 1941 plangendo

269 1948 390 1988 psallat
415 1948 504 1981 dulei
529 1949 732 1990 symphonia.
969 1950 1074 1991 lapsa,
1098 1951 1243 1982 tremens
1270 1948 1374 1982 dieat:
1404 1949 1475 1990 Eia,

178 2018 237 2052 7a.
266 2016 383 2049 Pastor
410 2017 516 2060 digne,
881 2019 940 2054 71),
969 2018 1091 2050 Nostra
1115 2020 1149 2049 te
1174 2025 1264 2049 mens

266 2065 317 2097 Tu
341 2065 490 2106 benigne,
970 2066 1097 2100 Clamat,
1121 2075 1268 2108 gemens:

267 2114 314 2147 Ut
338 2123 402 2147 non
426 2115 596 2148 volvamur
619 2116 653 2148 in
675 2116 759 2160 igne,
968 2116 1073 2149 Posce
1085 2115 1191 2159 nobis,
1205 2116 1337 2156 praesul
1349 2115 1509 2157 Clemens,

316 2163 421 2198 Orans
447 2164 535 2205 pelle
560 2164 650 2200 viti'a.
1016 2164 1139 2199 Divina
1160 2164 1336 2205 praesidia.

178 2234 240 2266 Sa.
268 2231 323 2265 Sic
350 2232 495 2265 vivamus
522 2231 652 2266 Christo
678 2234 743 2274 pie,
882 2234 941 2269 8b.
968 2234 1038 2275 Qua
1061 2234 1227 2266 laetantur
1249 2233 1332 2266 caeli
1355 2233 1454 2277 cives,

265 2280 470 2314 Gratulando
497 2281 584 2315 omni
614 2282 677 2326 die,
966 2283 1052 2324 Quos
1079 2282 1161 2323 regit
1188 2283 1222 2315 in
1244 2290 1280 2314 se
1305 2291 1364 2315 rex
1393 2283 1483 2316 dives

313 2330 352 2363 In
379 2330 447 2363 eius
473 2331 668 2373 praesentia,
1015 2331 1159 2366 Caritate
1184 2330 1293 2366 nimia.

177 2402 195 2433 υ
209 2408 238 2433 a.
265 2398 302 2430 In
330 2407 428 2441 regno
453 2400 547 2433 istius
575 2400 679 2433 duleis
878 2400 938 2436 9b.
966 2400 1088 2444 Honor,
1116 2399 1187 2432 laus
1214 2401 1311 2440 atque
1336 2401 1481 2441 potestas

311 2456 440 2489 semper
467 2452 515 2482 est
540 2459 605 2491 pax
631 2449 729 2493 sooia,

1014 2450 1193 2490 cunctaque
1218 2446 1387 2490 fulgentia.
