1656 2690
715 108 978 145 —129-

181 206 241 240 221.
268 205 446 245 Apostolus
474 209 506 238 et
531 207 641 251 levita,

268 254 382 287 Clarus
407 253 484 296 fide,
514 256 621 288 clarus
649 257 726 297 vita,

318 302 432 336 Clarus
459 306 492 335 et
517 303 701 345 miraculis3

176 381 195 413 3
210 389 239 412 a.
266 379 330 412 Pro
357 389 476 413 corona
502 390 565 414 non
590 383 749 415 marcenti

267 427 399 460 Perfert
423 428 532 462 brevis
558 429 624 461 vim
641 432 806 474 tormenti,

317 477 400 509 Nam
427 481 537 510 manet
562 478 712 514 victoria.

178 557 238 588 4a.
267 554 386 587 Plenus
412 555 475 588 iam
502 558 614 590 sancto
641 557 759 598 spiritu

268 603 353 636 Puro
381 604 473 637 ducit
497 605 618 638 intuitu

313 652 444 684 Saulum
470 654 514 686 ad
540 654 714 694 apostolos.

177 732 239 764 5a,
266 728 433 763 Divinitus
461 730 662 763 confortatus

266 777 311 810 Et.
336 787 356 810 a
381 779 483 811 Paulo
510 783 697 819 segregatus

311 826 366 858 Ad
395 826 537 867 Cyprum
562 836 638 859 mox
663 828 807 869 navigat.

174 905 234 938 621.
263 903 288 936 Ο
314 904 365 936 vir
391 908 503 937 sancte
524 907 556 938 et
582 906 709 947 decore,

262 951 377 986 Laude
404 954 519 995 dignus
547 956 579 986 et
603 954 726 987 honore

314 1002 449 1042 Iugique
474 1003 639 1043 memoria,

877 208 940 242 ab.
967 208 1033 242 Sub
1059 210 1121 242 hae
1145 208 1218 241 luce
1242 207 1456 250 triumphavit

966 258 1011 290 Et
1038 257 1211 298 triumphis
1236 256 1406 290 insultavit

1011 306 1180 340 Barnabas
1205 306 1393 339 incredulis.

877 383 940 416 3b.
967 384 1009 416 Ei
1035 383 1098 416 fuit
1123 392 1210 416 mors
1236 384 1365 424 natalis,

963 431 1034 464 Sibi
1057 440 1164 473 poena
1189 432 1371 464 terminalis

1013 481 1108 514 Vitae
1134 480 1190 512 dat
1214 480 1407 521 pn‘mordia.

876 557 936 591 4b.
968 557 1177 592 Antiochiam
1202 558 1422 600 transmissus,

965 608 994 638 A
1021 605 1177 639 fratribus
1203 610 1292 638 recte
1317 607 1404 639 visus

1013 654 1197 697 Congregat
1223 655 1411 695 discipulos

876 731 935 765 5b.
964 734 994 764 A
1019 731 1149 765 Iudaeis
1176 741 1252 773 ergo
1279 735 1393 773 captus

962 780 1009 812 Et
1031 780 1100 821 igni
1125 780 1331 812 adiudicatus

1011 828 1066 860 Sic
1090 827 1133 861 ad
1160 829 1283 860 caelum
1307 830 1475 869 properat.

876 906 935 940 6b.
964 906 1060 939 Cuius
1086 915 1203 939 nomen
1230 910 1279 939 est
1301 906 1489 948 iucundum,

962 954 1238 996 Languesoentem
1259 954 1334 988 fove
1347 954 1501 987 mundum

1014 1003 1154 1037 Caelesti
1180 1002 1371 1045 fragrantia.

244 1077 329 1106 Miss.
356 1078 600 1107 Praedicatorum
626 1080 697 1116 imp.
723 1080 859 1108 Venetiis
882 1077 966 1108 1523.
997 1095 1035 1099 —
1061 1079 1189 1108 Enthiilt
1207 1080 1367 1117 Anklange
1392 1087 1431 1106 an
1460 1079 1508 1107 die

166 1117 502 1153 Laurentius-Sequenz
522 1117 634 1146 Adams
653 1127 681 1145 v.
705 1119 748 1147 St.
769 1119 881 1147 Victor.

566 1232 623 1263 141.
653 1232 699 1264 De
721 1233 832 1264 saneto
857 1230 1111 1264 Bartholomaeo.

175 1314 231 1346 la.
261 1312 366 1346 Detur
391 1315 462 1347 laus
488 1314 749 1354 Bartholomaeo‚

262 1360 326 1394 Sed
352 1364 504 1403 perprius
532 1363 627 1396 detur
654 1363 735 1406 Deo,

262 1410 359 1443 Cuius
385 1410 479 1444 fulsit
502 1413 559 1446 lux
584 1412 616 1443 in
645 1420 691 1455 eo,

307 1458 408 1493 Servo
435 1463 468 1492 et
492 1461 651 1501 apostolo.

172 1538 232 1571 2a.
259 1536 474 1571 Praedicator
498 1538 647 1571 veritatis

259 1585 387 1618 Nubem
413 1586 506 1629 fugat
530 1587 694 1628 falsitatis,

261 1632 384 1667 Lumen
410 1638 558 1676 praestat
583 1636 764 1668 excaecatis

306 1683 352 1715 Et
376 1684 513 1717 salutem
540 1684 712 1726 languidis.

170 1763 232 1795 aa.
260 1760 325 1794 Sed
352 1764 400 1794 tot
424 1763 538 1803 poenis
566 1763 729 1795 eruciatus

256 1809 302 1843 Et
326 1810 418 1843 vivus
444 1811 627 1845 excoriatus

258 1858 430 1900 Nunquam
457 1859 520 1893 fuit
545 1864 716 1901 superatus

306 1908 435 1942 Memor
461 1909 583 1944 Christi
608 1909 732 1945 lateris,

846 1314 905 1347 lb.
933 1315 1022 1347 Luce
1048 1314 1141 1347 fulsit
1163 1314 1218 1347 hie
1243 1315 1399 1347 virtutum

934 1364 1123 1396 Monstrans
1129 1363 1203 1406 iter,
1212 1366 1358 1395 nostrum
1365 1364 1502 1401 scutum,

934 1412 1196 1452 Daemonemque
1223 1410 1303 1443 fecit
1327 1414 1451 1444 mutum

980 1460 1146 1493 Inclusum
1171 1460 1206 1492 in
1230 1460 1329 1493 idolo.

843 1537 902 1571 21).
928 1537 1034 1579 Signis
1062 1537 1164 1578 fulget
1190 1540 1222 1569 et
1246 1537 1368 1570 virtute

930 1587 1043 1619 Plebis
1069 1596 1165 1620 orans
1190 1595 1251 1627 pro
1278 1587 1393 1627 salute,

933 1635 1100 1678 Spoliatur
1123 1635 1256 1667 tandem
1283 1638 1357 1667 oute

978 1683 1161 1718 Damnatus
1187 1694 1207 1716 a
1231 1683 1378 1724 perfidis.

842 1763 900 1795 3b.
930 1762 955 1795 Ο
982 1771 1078 1803 quam
1104 1760 1185 1795 felix
1210 1762 1429 1804 praedicator,

928 1811 1066 1855 Memor,
1094 1820 1188 1853 quam
1216 1811 1260 1843 sit
1284 1812 1457 1843 miserator

930 1859 1077 1892 Christus
1103 1859 1208 1901 nobis,
1235 1860 1290 1901 qui
1317 1860 1461 1893 salvator

975 1909 1037 1942 Est
1063 1909 1196 1942 humani
1220 1909 1361 1950 generis,

168 1989 229 2019 42.
256 1986 321 2020 Hic
346 1991 387 2032 te,
418 1988 556 2028 Christe,
584 1988 631 2020 sio
659 1988 775 2021 dilexit
838 1987 898 2021 4b.
925 1987 992 2021 Hie
1004 1990 1048 2030 te,
1064 1986 1208 2031 Christe,
1224 1996 1353 2028 semper
1366 1987 1473 2021 fassus

257 2035 300 2069 Et
327 2040 459 2070 terrena
484 2038 532 2070 sio
559 2037 720 2081 despexit,

256 2086 346 2126 Quod
367 2087 453 2119 hunc
466 2090 573 2120 terror
587 2087 695 2119 nullus
709 2085 801 2119 flexit

305 2134 503 2177 Nullamque
529 2136 734 2177 supplicium.

927 2036 989 2069 Est
1015 2037 1056 2070 ab
1073 2037 1165 2070 Indis
1182 2040 1320 2069 mortem
1337 2046 1471 2080 passus;

928 2087 993 2119 Per
1005 2086 1091 2119 hune
1104 2085 1198 2119 nobis
1208 2085 1253 2118 sis
1273 2095 1470 2130 compassus,

975 2135 1028 2168 Da
1054 2135 1136 2169 caeli
1162 2135 1329 2168 solacium.

232 2212 316 2240 Miss.
339 2222 392 2241 ms.
414 2213 600 2250 Hispalense
619 2221 697 2241 saec.
718 2211 793 2242 ΗΔΕ.
830 2212 900 2240 Cod.
922 2213 1061 2242 Univers.
1082 2214 1207 2242 Ianuen.
1228 2212 1255 2241 A
1277 2213 1337 2241 VII
1359 2211 1386 2242 3.
1407 2212 1442 2240 A.
1464 2227 1503 2233 -

153 2250 237 2278 Miss.
260 2260 313 2279 ms.
337 2252 519 2289 Hispalense
540 2260 616 2280 saec.
642 2251 685 2280 15.
721 2252 793 2281 Cod.
813 2252 981 2281 Columbin.
996 2253 1154 2290 Hispalen.
1170 2249 1218 2286 83,
1234 2249 1280 2280 15.
1301 2252 1335 2280 Β.
1356 2266 1396 2271 -
1415 2252 1500 2280 Miss.

156 2298 207 2317 ins.
230 2291 412 2328 Hispalense
434 2301 510 2321 saec.
537 2290 580 2320 15.
623 2291 693 2320 Ood.
716 2292 885 2321 Columbin.
906 2291 1066 2329 Hispalen.
1087 2290 1134 2326 85,
1158 2288 1202 2319 18.
1226 2292 1259 2319 C.
1281 2306 1317 2311 —
1338 2292 1422 2320 Miss.
1445 2300 1500 2319 ms.

157 2328 337 2366 Hispalense
368 2340 445 2360 saec.
475 2330 519 2360 15.
566 2331 636 2359 Cod.
667 2331 836 2360 Oolumbin.
863 2331 1021 2368 Hispa-len.
1048 2332 1174 2366 Vitrin.‚
1202 2328 1248 2359 12.
1277 2332 1313 2358 D.
1343 2346 1383 2350 —
1411 2330 1498 2358 Miss.

153 2367 337 2404 Hispalense
356 2372 428 2408 imp.
450 2370 574 2409 Hispali
597 2369 681 2399 1507.
702 2370 738 2399 Ε.
768 2386 805 2391 —-
833 2368 887 2405 212,
911 2368 929 2398 2
950 2379 1059 2399 ornans
1080 2369 1121 2398 A.
1146 2385 1186 2390 —
1206 2368 1261 2407 21),
1283 2367 1301 2398 3
1321 2370 1500 2407 Exponatur

153 2407 247 2443 ABD,
274 2408 472 2447 Exspoliatur
498 2411 557 2440 CE-
587 2425 625 2429 —
654 2409 711 2438 Str.
734 2407 777 2438 3b
799 2418 862 2448 sqq.
889 2409 965 2438 fehlt
989 2410 1079 2439 CDE.
1105 2425 1145 2431 ·-—
1172 2409 1230 2438 Str.
1251 2408 1272 2438 4
1295 2409 1371 2437 fehlt
1395 2409 1429 2437 B.
1459 2423 1495 2428 —

155 2444 210 2480 41),
233 2446 248 2475 1
270 2446 359 2477 fissus
380 2450 414 2478 A.

213 2499 336 2527 Blume.
354 2500 506 2529 Sequentiae
523 2501 646 2526 Ineditae.
676 2502 706 2526 V.

1305 2496 1323 2525 9
