1656 2690
712 135 948 170 —41-

169 237 231 269 Za.
260 236 325 268 Hic
350 236 444 275 panis
470 235 603 275 gloriae,

305 283 378 317 Hoc
403 284 490 318 vitae
516 282 670 323 pabulum

258 332 415 365 Perennis
440 331 569 371 patriae

305 379 395 413 Dans
422 379 654 423 habitaculum,

257 428 313 461 Sic
339 428 411 460 cibo
436 428 562 467 gratiae

307 475 442 518 Saginat
467 475 634 518 famulum,

355 524 448 564 Quod
474 534 538 557 non
564 525 694 557 esuriet.

171 614 229 646 3a.
258 613 350 646 Haec
377 620 490 645 carens
517 611 604 645 carie

307 661 390 695 Caro
417 661 629 701 dignoscitur,

259 710 357 743 Cuius
383 709 542 741 munditie

306 757 431 791 Munda
456 766 546 790 mens
572 757 689 800 alitur3

259 808 371 848 Agnus
398 806 532 838 cottidie

308 855 451 888 Mundus
477 854 531 887 hic
556 854 660 887 oritur

355 903 520 936 Mundans
545 913 564 936 a
591 903 690 945 viti03

174 994 235 1026 4a.
262 991 348 1024 Esus
374 1001 394 1024 a
421 991 569 1033 pluribus

310 1039 418 1072 Semel
441 1039 495 1071 vei
519 1040 649 1079 saepius

261 1088 351 1121 Unus
379 1091 429 1120 est
452 1088 609 1128 omnibus,

309 1136 412 1179 Idem,
439 1145 502 1169 non
528 1135 630 1176 alius3

259 1185 309 1218 De
335 1187 384 1217 tot
410 1183 581 1218 edentibus

310 1232 427 1266 Nullus
454 1235 504 1264 est
527 1233 667 1273 amplius

356 1281 423 1314 Sed
447 1281 582 1322 quisque
608 1283 742 1322 pariter.

170 1372 188 1404 5
202 1379 231 1403 a.
260 1370 345 1403 Sane
369 1378 430 1410 per
453 1369 561 1401 omnia

306 1417 381 1451 Non
407 1420 457 1450 est
480 1426 534 1450 res
559 1417 675 1450 similis

259 1467 391 1507 Manna,
415 1469 489 1507 post
515 1466 623 1507 spatia

306 1515 372 1549 Res
404 1517 475 1547 erat
499 1514 628 1555 labilis;

262 1564 326 1597 Sed
353 1563 499 1596 Christus
525 1564 632 1596 hostia

306 1612 583 1646 Iucommutabilis

354 1661 469 1693 Manet
495 1661 528 1693 in
554 1661 695 1694 saecula.

868 232 927 267 ab.
952 232 1016 264 Hic
1042 231 1131 264 cibus
1158 229 1296 262 caelicus

869 607 930 641 3b.

869 992 930 1025 4b.

871 1369 928 1405 5b.

1004 279 1069 313 Sub
1095 280 1166 320 lege
1190 278 1296 319 latuit,

957 328 1022 361 Sed
1047 329 1111 360 iam
1137 326 1302 367 angelicus

1005 376 1102 409 Panis
1127 374 1251 415 enituit,

955 425 1025 457 Iam
1050 432 1109 457 rex
1133 421 1289 464 pacificus

1004 472 1046 505 Se
1071 481 1187 512 panem
1213 469 1374 511 praebuit,

1053 520 1101 553 Ut
1125 527 1206 560 pace
1231 519 1337 551 satiet.

954 607 1025 647 Qui,
1052 606 1131 638 licet
1153 605 1273 646 iugiter

1003 654 1103 687 Fiant
1127 654 1291 697 mysteria,

958 701 1023 735 Sua
1047 702 1193 735 totaliter

1003 750 1076 784 Stat
1099 751 1133 782 in
1158 749 1352 791 substantia,

956 798 1060 831 Totus
1085 798 1265 839 aequaliter

1006 848 1043 880 In
1071 847 1152 879 caeli
1178 846 1278 887 regia,

1053 895 1154 929 Totus
1180 895 1308 927 altario.

957 993 1049 1033 Quod
1077 993 1220 1025 clausum
1245 991 1350 1024 tenuit

1005 1041 1139 1083 Manna,
1166 1042 1230 1073 iam
1255 1042 1391 1083 reserat,

959 1089 1042 1122 Nam
1065 1089 1137 1129 plus
1163 1097 1226 1120 non
1253 1088 1374 1131 habuit,

1006 1138 1066 1177 Qui
1091 1138 1165 1178 plus
1192 1137 1385 1179 collegerat3

958 1187 1073 1227 Aeque
1098 1185 1275 1228 distribuit,

1009 1234 1099 1275 Quod
1125 1243 1227 1275 aeque
1254 1234 1400 1276 dederat,

1053 1282 1216 1316 Aeternus
1242 1282 1375 1316 arbiter.

957 1369 1054 1402 Cuius
1080 1369 1230 1410 perpetui

1005 1418 1105 1451 Panis
1132 1422 1165 1450 et
1188 1418 1354 1459 sanguinis

958 1465 1013 1498 Sic
1037 1475 1150 1499 mensa
1173 1465 1298 1507 perfrui

1006 1515 1074 1548 Nos
1102 1515 1156 1547 det
1182 1513 1255 1547 fons
1281 1513 1423 1555 luminis,

958 1562 1006 1596 Ut
1030 1563 1123 1597 stolis
1148 1563 1238 1596 indui

1006 1612 1170 1645 Possimus
1194 1612 1330 1652 geminis

1054 1661 1135 1695 Post
1158 1662 1241 1693 haec
1263 1659 1437 1693 curricula.

237 1749 322 1776 Miss.
350 1747 534 1784 Hispalense
567 1747 638 1783 imp.
666 1747 789 1783 Hispali
819 1744 902 1776 1507.
929 1748 964 1775 A.
996 1762 1035 1765 —
1068 1747 1194 1776 Missale
1220 1747 1405 1775 Toletanum
1431 1748 1504 1782 imp.

160 1788 270 1824 Burgis
293 1784 377 1815 1512.
392 1787 426 1814 B.
448 1800 483 1804 —
505 1784 560 1821 212,
573 1783 594 1812 4
614 1787 739 1814 emicuit
751 1787 785 1813 B.
816 1804 837 1807 —
866 1785 924 1814 Str.
945 1782 964 1813 3
985 1794 1049 1823 sqq.
1069 1785 1170 1814 fehlen
1186 1786 1219 1814 Β.
1239 1800 1277 1804 —-
1298 1783 1356 1819 Sa,
1369 1783 1388 1812 2
1401 1786 1504 1813 dines-

161 1828 239 1854 citur
259 1826 294 1853 A.
317 1840 354 1845 -—
385 1825 526 1854 Offenbar
548 1825 600 1853 das
621 1825 738 1861 gleiche
759 1825 886 1854 Schema
906 1826 961 1852 wir²
983 1826 1161 1861 „Aeterni
1183 1825 1347 1853 numinis
1365 1849 1369 1860 ,
1387 1825 1506 1852 Mater

161 1869 198 1894 et
217 1863 334 1893 filia“.
357 1879 394 1883 —
415 1865 507 1893 Diese
528 1863 664 1900 Sequenz
685 1863 777 1892 findet
797 1863 861 1893 sich
882 1865 958 1892 auch
979 1865 1020 1891 im
1035 1865 1120 1893 Miss.
1138 1864 1337 1897 Cordubense,
1359 1865 1429 1900 imp.
1446 1871 1469 1891 s.
1484 1863 1504 1891 1.

161 1902 238 1942 [ioh.
262 1900 460 1942 Cronberger]
481 1901 566 1938 1525,
588 1904 645 1930 mit
666 1901 683 1931 6
705 1903 940 1939 Halbstrophen.

614 2007 662 2040 39.
693 2007 738 2041 De
760 2006 883 2040 Christo
904 2007 1045 2041 Domino.

522 2092 553 2125 1.
582 2090 779 2124 Dulcissime
798 2091 884 2130 Iesu,

584 2140 639 2180 qui
666 2140 707 2173 de
733 2140 823 2172 caelo
850 2139 1051 2173 descendisti

586 2191 619 2220 et
644 2189 744 2221 vitam
770 2188 891 2221 mundo
917 2188 1096 2230 contulisti,

872 2267 934 2302 2b.
961 2267 1045 2300 Nam
1072 2268 1182 2301 suavis

964 2324 998 2348 es
1025 2319 1058 2349 et
1083 2316 1181 2358 mitis,

961 2365 1090 2398 humilis

961 2414 1142 2454 plenusque
1165 2414 1357 2458 virtutibus,

961 2461 1009 2495 fili
1034 2462 1095 2496 Dei
1122 2462 1291 2496 altissime.

171 2270 231 2301 Za.
258 2269 381 2310 Legam
408 2268 450 2301 de
473 2273 515 2312 te,

259 2316 401 2350 scribam
428 2318 469 2350 de
494 2319 537 2360 te,

261 2374 413 2407 quaeram
440 2369 484 2406 te,

261 2418 387 2448 cantem
414 2417 455 2449 de
480 2418 523 2458 te,
549 2414 681 2448 laudem
707 2416 751 2456 te,

257 2463 343 2508 Iesu,
371 2473 454 2504 puer
481 2463 677 2498 dulcissime.
