1656 2690
686 125 925 160 ..16-

152 225 171 258 7
184 233 213 258 a.
239 223 285 256 Et
307 223 432 255 hostem
455 223 642 255 aethereum
847 221 907 255 ¹7b.
934 221 979 254 Et
1004 221 1147 253 claustra
1171 218 1353 260 mortifera,

239 272 481 313 condemnaret,
935 278 1017 310 quae
1042 269 1188 309 replerat

237 319 291 360 qui
315 321 502 359 protervam
528 321 640 351 contra
667 327 739 350 eum
934 326 973 350 ex
1001 317 1123 359 electis,
1150 315 1229 349 forti
1254 324 1351 347 manu

237 369 388 399 erexerat
934 366 1094 406 diriperet

236 415 364 447 inanem
388 423 515 456 quoque
933 416 1031 454 atque
1054 413 1228 446 reduceret

237 462 435 504 superbiam,
932 462 1048 503 spolia.

148 541 209 574 83.
233 539 346 580 Tuam,
373 537 562 582 fortissime,
844 538 905 572 8b.
932 538 1074 571 Petimus
1100 540 1138 570 ut
1161 537 1255 571 nobis

237 587 402 628 supplices
932 586 1091 619 concedas

236 636 504 670 misericordiam.
932 635 966 666 111
989 634 1071 666 haec
1095 633 1266 666 sollemnia

151 715 211 748 9a.
235 713 281 746 Et
304 713 429 757 laudes,
457 723 535 755 quas
561 714 595 746 in
620 714 666 747 tui
846 712 907 747 9b.
935 712 1078 745 Ovantes
1105 719 1176 743 cum
1203 712 1353 750 caterva3

236 761 374 794 nominis
398 762 543 804 yloriam
932 769 1004 792 cum
1028 762 1072 799 te,
1099 768 1227 792 summe
1250 758 1446 799 redemptor,

604 830 661 863 10.
687 829 873 862 Mereamur
897 828 1008 860 vitam.

219 924 307 960 Trop.
328 932 383 951 ms.
404 925 631 953 Benedictinum
651 924 809 952 Brixiense
829 932 905 952 saee-
928 921 973 950 12.
1009 921 1079 950 Cod.
1099 922 1190 950 Univ.
1205 921 1370 949 Bononien.
1391 917 1477 948 2748.

141 962 176 989 A.
204 978 239 981 —
269 963 357 998 Trop.
385 971 438 991 ms.
467 963 630 991 Oasinense
656 971 733 991 saee-
758 960 802 990 12.
828 964 869 990 in.
911 961 982 989 Cod.
1011 960 1148 988 Casinen.
1177 957 1244 988 546.
1264 959 1300 987 B.
1327 974 1365 978 —
1391 959 1478 986 Miss-

141 1000 357 1029 Suessionense
386 1002 457 1038 imp.
486 1002 614 1029 Parisiis
646 999 730 1029 1516.
763 1001 796 1029 C.
827 1017 865 1021 —
894 998 945 1034 2a,
966 997 984 1028 3
1015 999 1150 1036 angelico
1182 999 1301 1035 agmine
1331 997 1396 1033 1303
1429 997 1479 1024 die

142 1039 360 1067 Endassonanz
381 1045 400 1067 a
424 1040 535 1068 siehert
554 1040 602 1068 die
621 1040 730 1068 Lesart
748 1048 809 1067 von
828 1041 856 1066 A
875 1038 938 1071 (cfr.
959 1036 1013 1071 810,
1032 1035 1070 1072 3).
1089 1051 1127 1056 —
1147 1034 1201 1071 33,
1217 1035 1233 1063 1
1256 1036 1316 1070 Qui
1334 1035 1478 1063 mundum

142 1079 177 1114 A;
198 1077 300 1105 mundi
323 1078 355 1105 C.
387 1093 426 1098 ——
445 1076 496 1112 3a,
517 1076 536 1105 2
556 1081 691 1114 patrarat
709 1079 742 1106 B.
763 1093 801 1097 —-
822 1075 875 1111 3b,
898 1075 913 1104 1
934 1076 978 1105 Ut
996 1076 1068 1103 vilis
1090 1075 1126 1110 A,
1151 1073 1207 1103 Cui
1229 1075 1342 1102 vilibus
1363 1074 1396 1109 B,
1419 1074 1479 1108 Qui

141 1116 253 1144 vilibus
275 1116 306 1144 C.
336 1132 375 1136 —
400 1115 453 1150 3b‚
476 1115 494 1144 2
514 1117 614 1144 induit
633 1118 667 1150 A,
689 1116 823 1144 induitur
843 1116 874 1144 C.
896 1131 934 1135 -
956 1112 1008 1149 3b,
1030 1111 1048 1141 3
1090 1114 1201 1142 audent
1219 1113 1285 1149 1303
1307 1115 1479 1141 sanctorum

143 1156 264 1191 agmina
284 1155 318 1182 A.
346 1169 381 1173 —
407 1154 461 1190 4b,
485 1154 499 1183 1
523 1156 581 1189 Qui·
606 1157 640 1182 in
659 1163 822 1191 praesaepe
841 1154 901 1182 BG.
929 1169 962 1173 —
992 1152 1042 1187 53,
1106 1154 1241 1180 venisset
1260 1152 1295 1179 A.
1324 1166 1363 1170 —-
1389 1150 1440 1185 53,
1461 1150 1481 1178 4

142 1196 222 1221 terra
247 1194 283 1227 A,
311 1194 398 1221 terris
420 1194 456 1225 C:
484 1194 643 1222 redimeret
662 1194 720 1222 BC.
748 1208 785 1212 —
811 1192 862 1227 5³,
884 1190 902 1220 5
928 1201 972 1229 sq.
998 1191 1129 1228 maligno
1158 1191 1306 1227 supplicio
1328 1190 1415 1218 ABC.
1442 1205 1480 1209 —

143 1230 194 1267 5b,
222 1228 240 1259 3
269 1233 485 1260 inenarrandus
514 1231 574 1260 BC.
612 1249 637 1253 -
668 1231 722 1266 511,
748 1230 768 1260 4
800 1241 843 1268 sq.
876 1232 913 1259 ab
948 1230 1010 1258 ullo
1037 1231 1089 1264 qui
1114 1229 1265 1257 clauditur
1283 1227 1287 1264 Ι
1305 1230 1404 1265 prisco
1430 1228 1480 1256 vel

142 1270 248 1298 ultimo
271 1273 404 1306 temqore
418 1271 475 1299 BC.
504 1288 519 1291 -
557 1269 598 1299 61³
621 1271 638 1298 3
659 1273 813 1298 revocaret
832 1271 870 1298 ab
891 1269 998 1298 exsilio
1012 1269 1047 1303 Β,
1069 1270 1224 1296 revocaret
1236 1268 1358 1296 illaesos
1375 1268 1412 1295 ab
1427 1268 1480 1295 via

145 1308 177 1336 C.
198 1324 237 1328 —
257 1308 307 1343 7a,
323 1307 339 1336 1
361 1317 479 1337 aereum
493 1310 528 1344 A,
549 1311 677 1337 taetrum
692 1310 723 1337 Β.
744 1324 783 1329 —
803 1308 853 1343 7a,
875 1309 893 1337 3
914 1310 1053 1344 proterve
1067 1307 1100 1339 Β,
1121 1309 1264 1343 proterva
1278 1305 1311 1334 C.
1334 1322 1372 1326 —
1392 1305 1410 1334 7
1417 1314 1446 1341 a,
1461 1305 1479 1333 5

144 1355 187 1382 sq.
209 1355 241 1375 se
261 1347 419 1376 stimulosa
436 1347 440 1384 Ι
458 1348 599 1384 superbia
619 1348 652 1381 B,
675 1350 705 1375 et
724 1347 860 1375 stimulos
880 1347 921 1381 31
939 1346 1081 1382 superbia
1102 1345 1134 1373 C.
1161 1360 1201 1364 —
1226 1345 1279 1379 7b,
1301 1343 1319 1373 3
1339 1353 1404 1382 sqq.
1425 1344 1479 1372 ubi

143 1388 262 1413 sanctos
280 1385 284 1420 Ι
302 1385 436 1414 indebite
446 1386 606 1421 detinebat,
625 1384 630 1421 Ι
646 1386 694 1420 (ac
703 1386 736 1421 C)
747 1386 889 1422 diriperet
897 1384 1091 1420 (dirumperet
1102 1383 1134 1418 G)
1152 1381 1156 1393 ¹
1175 1386 1204 1411 et
1222 1385 1287 1412 eius
1302 1384 1455 1420 frangeret
1473 1382 1477 1419 1

144 1424 258 1452 rabiem
277 1422 409 1460 (ianuam
425 1424 457 1459 O)
475 1423 479 1460 Ι
496 1424 557 1453 ΒΟ.
579 1439 617 1443 -
638 1425 696 1452 Die
715 1424 875 1461 folgenden
887 1424 1035 1453 Klauseln
1054 1420 1150 1451 8—10
1171 1423 1238 1450 sind
1257 1423 1291 1450 in
1304 1423 1329 1450 B
1350 1431 1379 1450 11.
1396 1422 1418 1450 0
1432 1422 1479 1450 bis

144 1462 197 1489 auf
214 1463 313 1499 einige
333 1463 498 1491 Varianten
518 1464 550 1490 in
570 1471 647 1499 ganz
668 1462 800 1499 gleieher
820 1463 924 1491 Weise
950 1461 1108 1490 verfindert
1134 1461 1195 1489 und
1219 1461 1404 1497 vei-wildert;
1432 1460 1482 1488 die

144 1497 161 1529 3
182 1500 337 1535 Κ131156111,
358 1501 454 1529 denen
470 1501 554 1538 jeder
569 1501 795 1529 Parallelismus
815 1501 955 1538 mangelt,
975 1500 1092 1528 lauten:

221 1540 326 1573 Tuam,
348 1539 517 1575 fortissime,
539 1548 719 1576 quaesumus
740 1540 985 1575 misericordiam,

221 1578 266 1606 Ut
287 1587 340 1614 per
366 1579 458 1614 prolis
484 1580 528 1607 tui
550 1579 690 1614 natalem,
715 1587 803 1615 quem
823 1579 958 1613 colimus,
984 1586 1065 1606 nunc
1086 1580 1116 1606 et
1135 1587 1251 1614 semper
1271 1580 1379 1606 cuncta
1400 1577 1479 1605 dele-

261 1619 349 1645 antur
370 1617 512 1653 facinora,

219 1655 269 1691 Et,
290 1656 406 1692 fulgens
430 1665 497 1684 cum
516 1657 634 1684 veneris
655 1656 733 1692 inde,
755 1659 838 1684 tuam
857 1656 1059 1692 percipiamus
1080 1656 1146 1683 sine
1166 1655 1225 1683 fine
1244 1655 1383 1692 gloriam.

218 1703 363 1731 Melodie:
405 1704 546 1733 Christi
573 1704 753 1732 hodierna
780 1704 993 1740 pangimini
1018 1712 1095 1739 resp.
1119 1703 1269 1731 Caelica
1294 1705 1479 1731 resonant

142 1743 242 1770 clare
255 1742 296 1777 (S.
312 1742 399 1770 Anal.
413 1744 525 1778 Hymn.
539 1743 607 1777 VII,
621 1743 673 1771 Nr.
696 1740 732 1770 21
746 1752 776 1770 u.
799 1740 855 1778 23),
879 1742 927 1770 die
946 1742 997 1770 hie
1017 1742 1077 1770 und
1098 1742 1137 1770 da
1157 1745 1249 1770 etwas
1269 1742 1327 1770 frei
1346 1742 1477 1779 gehand-

141 1782 217 1809 habt
234 1782 284 1809 ist.
320 1781 378 1809 Die
398 1782 510 1818 grdsste
524 1781 673 1809 Differenz
693 1783 773 1818 zeigt
794 1781 868 1816 sich,
888 1782 945 1809 wie
958 1781 1019 1809 fast
1031 1782 1136 1809 immer
1150 1782 1199 1809 bei
1214 1781 1325 1809 diesem
1341 1780 1477 1817 Schema,

141 1822 174 1847 in
195 1820 252 1847 den
267 1819 526 1848 Schlussklauseln
546 1818 590 1848 83
610 1829 674 1857 sqq.
695 1835 732 1839 —
752 1821 825 1848 Man
844 1820 1015 1856 vergleiche
1034 1820 1083 1848 die
1096 1820 1236 1856 folgende
1248 1820 1480 1858 Formulierung

143 1859 218 1887 eben
238 1858 335 1887 dieser
355 1858 490 1896 Sequenz
511 1859 571 1887 und
591 1860 694 1887 weiter
713 1861 806 1887 unten
825 1860 877 1888 Nr.
903 1856 1042 1888 58au-b.

568 1962 624 1994 41).
654 1961 691 1994 111
711 1961 891 1994 Nativitate
912 1961 1044 1994 Domini.

530 2035 561 2068 1.
589 2034 686 2078 Ecce,
713 2034 778 2066 iam
803 2035 893 2067 venit
917 2036 1032 2067 nostra

587 2082 770 2123 redemptio
796 2082 952 2123 pretiosa.

153 2162 212 2193 2a.
242 2159 446 2192 Gaudeamus
851 2161 911 2194 21).
940 2158 1029 2192 Caeli
1053 2168 1162 2200 regem

241 2208 274 2240 in
298 2216 396 2239 unum
936 2208 970 2239 in
995 2208 1093 2240 terris

242 2265 312 2288 cum
339 2256 486 2296 angelica
511 2257 651 2297 agmina.
935 2259 1008 2289 arta
1031 2259 1144 2288 tenent
1170 2257 1340 2291 cunabula.

153 2337 214 2370 3a.
241 2334 488 2375 Humanamque
515 2343 642 2367 carnem
849 2333 910 2367 3b.
938 2333 999 2373 Qui
1025 2334 1120 2366 simul
1145 2335 1290 2375 patravit

242 2391 408 2416 assumens
936 2391 1007 2414 cum
1032 2385 1129 2422 patre

242 2432 318 2465 tulit
342 2431 489 2465 membra
513 2430 655 2472 servilia,
936 2430 1035 2463 totius
1061 2431 1173 2464 mundi
1199 2432 1392 2477 machinam,
