1656 2690
708 134 971 171 —115—

186 233 247 263 2a.
275 231 327 264 Ex
353 231 509 273 Hispanis
535 232 632 264 stella
657 232 765 274 micat,
881 233 941 267 2b.
967 235 1056 266 Arca
1081 233 1145 274 legi
1172 235 1387 276 consecratur,

273 279 372 313 Cuius
397 280 510 313 mundi
535 281 591 312 lux
617 281 756 313 extricat
967 283 1059 315 Intus
1084 281 1166 314 foris
1194 283 1377 322 deauratur,

318 328 452 361 Erroris
476 329 728 369 phantasticum.
1015 329 1138 363 Manna
1163 331 1267 371 spirat
1291 329 1473 370 mysticum.

183 406 242 438 32.
271 404 424 439 Crucifixi
449 414 549 438 verax
573 406 666 438 testis
881 407 940 441 3b.
966 407 1006 440 In
1032 409 1189 440 armatum
1215 409 1282 440 ruit
1306 405 1435 448 fortem,

270 453 381 486 Mutat
405 454 502 485 ritum
528 455 645 494 victuS,
671 455 771 486 vestis
968 455 1016 489 Ut
1033 464 1092 496 pro
1106 459 1210 487 morte
1224 455 1341 489 reddat
1355 459 1502 499 mortem,

319 502 384 535 Sub
410 501 579 535 Francisci
605 503 717 543 regula
1013 504 1095 536 Ensi
1121 507 1218 544 parat
1241 504 1361 544 iugula.

182 581 243 611 4a.
273 580 393 612 Audax
421 589 540 620 praeco
566 580 714 613 veritatis
878 580 939 613 4b.
966 582 1100 622 Aequae
1125 581 1228 613 lancis
1249 589 1385 622 pauper,
1406 581 1507 621 dives,

270 628 345 660 Non
371 636 539 672 personae,
566 638 631 661 non
657 629 773 660 aetatis
967 629 1149 669 Peregrini,
1176 629 1245 662 sive
1271 629 1369 669 cives,

319 676 531 709 Demulcetur
555 676 678 717 gratia3
1016 677 1208 709 Flectuntur
1233 677 1403 711 sententia.

182 753 200 785 5
213 762 242 785 a.
271 754 531 796 Surdus,mutus‚
541 753 687 795 claudus,
697 762 820 794 caecus,
882 753 941 786 5b.
968 754 1210 794 Morbi‚pestes
1222 757 1263 795 et,
1280 762 1363 794 quae
1372 756 1508 794 restant,

269 801 447 842 Epilensis,
474 802 570 844 latro,
597 801 749 834 maechus
965 803 1168 843 Argumenta
1192 801 1299 834 laudis
1328 805 1507 842 praestant,

317 850 390 883 Vim
417 850 548 882 virtutis
575 850 736 892 sentiunt3
1016 850 1101 883 Dum
1125 850 1222 890 pulsa
1247 848 1427 891 diffugiunt.

179 928 240 959 6a.
266 926 339 969 Eia,
366 931 462 969 pater
487 928 737 969 supplicantum,
881 927 942 961 6b.
969 928 1037 968 Quo
1063 936 1235 968 sequamur
1259 927 1361 959 iuncti
1387 928 1457 968 spei

271 976 359 1008 Audi
386 978 471 1016 vota,
500 985 596 1008 cerne
620 976 797 1018 planctum,
967 976 1013 1008 Et
1037 977 1070 1008 in
1099 976 1193 1008 domo
1219 975 1343 1017 requiei

269 1023 338 1056 Nos
352 1023 394 1056 ad
407 1023 537 1056 chorum
551 1025 615 1057 duc
624 1027 810 1056 cantantum
970 1025 1173 1058 Collocemur
1200 1025 1283 1057 dono
1308 1023 1390 1064 Dei3

319 1072 357 1104 In
385 1072 521 1104 excelsis
548 1072 712 1106 Gloria.
1016 1074 1148 1104 Amen
1175 1073 1285 1105 dicant
1308 1072 1424 1107 omnia.

248 1148 333 1175 Miss.
365 1156 420 1175 ms.
453 1147 637 1176 civitatense
666 1156 743 1176 saec.
778 1147 823 1176 14.
872 1148 943 1176 Cod.
976 1148 1135 1177 civitaten.
1166 1148 1282 1177 LXXX
1313 1145 1379 1184 (13).
1408 1149 1442 1176 A.
1472 1162 1511 1167 —-

169 1185 309 1222 Sequent.
331 1195 385 1214 ms.
400 1185 430 1214 S.
446 1187 568 1223 Georgii
582 1186 780 1223 Villingensis
795 1195 873 1216 saec.
893 1185 937 1214 15.
973 1188 1045 1215 Cod.
1062 1186 1271 1215 Carolsruhan.
1288 1186 1359 1215 Geo.
1373 1184 1401 1215 3.
1415 1187 1450 1215 B.
1473 1201 1509 1206 -—·

167 1225 227 1252 Die
248 1222 266 1251 2
286 1228 385 1253 ersten
406 1224 556 1261 Strophen
575 1226 678 1253 lauten
698 1227 731 1253 in
750 1226 790 1253 B:

195 1271 245 1300 Ia.
267 1273 384 1301 Psallat
404 1282 477 1301 voce
497 1273 681 1302 laetabunda
897 1272 947 1303 lb.
971 1275 1075 1303 Cultor
1095 1275 1181 1311 legis,
1202 1282 1308 1303 norma
1329 1283 1453 1309 morum,

267 1313 360 1340 Sacer
380 1315 491 1346 coetus,
513 1316 612 1341 mente
633 1313 745 1340 munda
965 1315 1072 1342 Pastor
1091 1315 1200 1351 gregis,
1223 1314 1283 1341 dux
1305 1314 1465 1350 Minorum,

304 1351 418 1379 Iubilet
437 1352 576 1379 Antonio.
1003 1354 1089 1381 Novo
1111 1353 1194 1380 sidus
1215 1353 1310 1380 radio.

168 1397 218 1434 2a,
243 1398 257 1427 1
278 1400 342 1427 Iam
363 1400 541 1428 Franciscns
562 1399 646 1436 prole
666 1401 758 1428 micat
777 1402 811 1429 Β.
838 1415 876 1419 -
903 1398 953 1435 3a,
976 1399 994 1429 3
1014 1402 1111 1430 Natus
1132 1402 1227 1437 patris
1248 1401 1383 1429 aemulus
1404 1402 1438 1429 B.
1470 1416 1508 1422 -ι

169 1436 382 1504 31),,3ΒΟι-ηοί3
405 1437 516 1466 Christi
537 1438 656 1467 baiulus
677 1439 715 1466 Β.
733 1454 770 1458 -
791 1438 841 1473 40,
857 1438 872 1466 1
894 1439 1035 1468 Summae
1054 1448 1163 1477 praeco
1182 1440 1216 1467 Β.
1237 1455 1277 1459 —-
1297 1437 1353 1474 6b,
1374 1439 1388 1467 1
1411 1442 1505 1468 vincti

166 1486 230 1512 spei
280 1497 286 1504 .

614 1581 677 1615 125.
711 1583 754 1614 De
774 1582 885 1614 sancto
907 1582 1052 1615 Antonio.

178 1658 195 1690 1
209 1667 237 1689 a.
266 1658 351 1690 Olim
376 1657 496 1689 mundo
520 1657 709 1696 minoratus,
878 1655 937 1688 1b.
965 1656 1031 1690 Cur
1057 1659 1256 1696 quaeruntur
1273 1655 1327 1688 hic
1343 1656 1507 1688 honores?

264 1706 302 1738 In
328 1705 479 1747 supemis
506 1707 677 1737 coronatus
962 1704 1026 1746 En,
1053 1703 1210 1736 honorum
1236 1706 1474 1745 contemptores

313 1754 469 1788 Exsultat
493 1752 666 1785 Antonius».
1010 1753 1225 1786 Honorantur
1251 1753 1400 1793 amplius.

177 1834 236 1866 2a.
264 1832 391 1873 Spretis
417 1831 529 1863 mundi
555 1830 786 1863 blandimentis
876 1830 934 1863 2b.
961 1830 1003 1863 Se
1030 1831 1199 1863 denudans
1227 1831 1427 1863 vestimentis

265 1881 329 1913 Hic
353 1881 384 1913 in
412 1889 509 1912 manu
534 1879 733 1912 blandientis
963 1879 1179 1919 Parvipendit
1201 1879 1371 1914 illudentis

310 1929 470 1963 Maechae
495 1928 592 1969 liquit
617 1928 771 1972 pallium3
1011 1928 1102 1961 Nihil
1127 1928 1371 1970 improperium.

175 2009 235 2042 3a.
262 2007 437 2049 Augustini
462 2010 576 2039 tenens
602 2015 758 2047 normam,
876 2006 937 2039 3b.
965 2007 1031 2040 Sub
1057 2005 1235 2039 Francisco
1267 2009 1363 2048 patre
1389 2008 1507 2049 degens

261 2056 343 2089 Post
363 2056 495 2089 vivendi
510 2059 638 2088 mutans
653 2053 803 2095 formam,
961 2056 1004 2088 Et
1030 2064 1092 2097 pro
1120 2054 1247 2089 Christo
1274 2054 1380 2088 factus
1408 2066 1505 2098 egens

309 2106 364 2138 Ac]
390 2105 537 2138 Minores
562 2105 712 2145 transiit3
1012 2104 1144 2137 Caelum
1172 2105 1262 2138 dives
1289 2105 1382 2138 adiit.

173 2185 235 2217 42.
263 2184 357 2217 Intus
384 2182 453 2217 Deo
477 2192 600 2223 parans
624 2183 792 2224 templum,
873 2182 934 2216 4¹0.
961 2183 1053 2216 Dans
1071 2182 1226 2215 virtutum
1247 2184 1343 2226 viam,
1368 2193 1504 2229 morum,

259 2232 356 2265 Foris
383 2230 520 2265 formam
548 2237 576 2264 et
605 2232 787 2272 exemplum
962 2232 1078 2265 Victor
1103 2230 1167 2264 fuit
1190 2233 1356 2272 vitiorum,

308 2281 409 2314 Dedit
437 2280 682 2323 sanctimoniae,
1011 2281 1137 2323 Carnis,
1165 2282 1395 2322 paenitentiae.

173 2361 232 2392 δα.
260 2359 325 2392 Hic
350 2360 484 2400 superni
509 2368 628 2400 praeco
655 2360 741 2400 regis
874 2359 934 2393 5b.
962 2360 1100 2401 Magnos
1127 2364 1237 2393 monet
1263 2366 1295 2393 et
1319 2361 1456 2402 pusillos

258 2408 353 2440 Tuba
377 2412 494 2440 tonans
518 2417 624 2442 novae
646 2408 728 2449 legis
962 2409 1037 2441 Non
1062 2409 1231 2449 palpando
1255 2410 1316 2442 hos
1338 2410 1392 2441 vel
1417 2410 1503 2453 illos,

310 2456 490 2498 Flagrabat
514 2461 549 2489 ut
578 2457 704 2497 facula3
1010 2459 1125 2497 Aeque
1150 2458 1275 2491 librans
1302 2458 1438 2499 singula.

1289 2512 1331 2542 8..
