1656 2690
723 134 963 170 ,ιω-

186 235 245 266 5a.
273 233 319 266 Ut
341 232 540 265 modulemus
566 231 710 265 Alleluia
877 232 934 266 5b.
964 230 1014 263 Sit
1037 232 1098 264 tibi
1123 233 1194 265 laus
1219 231 1254 263 in
1281 230 1411 264 saecula

271 281 376 313 herile
398 279 578 320 dominica3
964 283 996 311 et
1022 289 1086 319 pax
1110 281 1201 321 plebi
1225 280 1260 312 in
1286 288 1377 312 arva.

253 366 340 394 Grad.
370 374 423 394 ms.
444 366 672 394 Ravennatense
692 373 769 393 saec.
793 363 838 393 11.
880 365 951 394 Οοᾱ.
974 367 1103 402 Capitul.
1122 367 1268 395 Mutinen.
1291 364 1316 392 O
1339 365 1355 392 Ι
1375 365 1403 392 N
1423 364 1450 392 7.
1477 380 1509 385 —-

178 404 227 438 la,
249 403 434 443 lull-audant.
461 419 498 423 —
526 404 576 439 lb,
601 404 613 431 1
637 404 832 440 Concrepant.
862 421 864 425 ι
927 403 979 438 21),
1003 403 1022 433 3
1043 405 1127 433 Aueh
1148 406 1196 433 die
1216 404 1348 433 Melorlie
1369 403 1423 431 hat
1443 404 1510 431 eine

174 444 253 472 Note
266 443 448 472 szmsohuss
477 457 517 461 —
538 440 582 471 Sa
596 452 624 470 u.
639 441 683 471 312
698 443 877 479 umgestellt.
898 458 936 463 —
957 441 1007 478 321,
1025 442 1039 470 1
1055 444 1195 472 Domino.
1221 458 1242 463 —
1276 440 1330 475 3b,
1346 441 1364 470 5
1379 445 1454 469 sata.
1471 456 1508 462 —

175 480 227 516 4a,
248 481 266 509 7
288 490 362 518 quae
385 484 430 509 est
449 482 647 517 ‘qualoribua
670 495 706 500 —
727 480 781 511 4b,
807 480 821 509 1
844 482 927 510 Aue-h
949 483 979 509 in
1002 482 1053 510 der
1073 483 1203 510 Melodie
1224 481 1345 509 entfallt
1363 481 1418 508 auf
1437 478 1508 518 „In“

174 522 241 548 eine
261 521 491 556 iibersehiissige
511 520 596 548 Note.
619 536 656 540 ——
677 518 730 553 41),
751 519 768 547 7
789 529 849 548 nox
870 522 1016 549 aminuas.
1038 535 1074 539 -—-
1096 520 1152 556 51),
1175 520 1189 548 1
1212 520 1321 548 saecla.

674 643 722 675 45.
754 641 811 674 Die
831 641 1002 674 Dominica.

609 726 640 759 1.
668 724 764 756 Alme
789 725 894 765 pater,

665 773 754 806 Deus
780 772 996 814 omnipotens,

187 852 248 883 221.
274 851 332 890 Qui
361 852 474 883 cunc-'ta
500 850 532 882 in
560 850 720 891 principio
880 850 938 884 2b.
965 851 1229 893 Angelorumque
1254 851 1392 893 agmina,

273 900 390 931 creasti
414 899 532 942 sidera,
965 901 1002 930 ut
1027 902 1136 931 essent
1160 900 1280 937 lucida,

184 987 244 1019 3a.
272 986 414 1018 Petimus
441 988 474 1016 et
498 995 566 1029 uos,
594 989 630 1017 ut
879 986 938 1020 3b.
965 986 1010 1018 Et
1035 995 1144 1019 eorum
1173 986 1245 1019 fulti

271 1042 452 1066 mereamur
477 1033 639 1066 sublevari
966 1035 1198 1067 munitionibus
1223 1034 1290 1066 illis

271 1082 313 1114 ad
338 1081 444 1114 aethri
470 1090 571 1122 regna
967 1091 1118 1114 canamus
1144 1083 1239 1124 bona,

184 1170 242 1201 4a.
270 1169 358 1208 Quae
382 1168 560 1210 promisisti
585 1169 645 1201 tibi
879 1171 939 1204 4b,
966 1169 1117 1202 Humana
1143 1179 1225 1210 quae
1250 1178 1311 1210 per
1336 1173 1411 1201 aeta

271 1216 478 1249 credentibus
489 1228 497 1257 3
966 1220 1156 1258 perpetrata

271 1266 356 1306 quod
382 1273 424 1297 ne
449 1265 504 1305 qui
529 1266 731 1307 praeripiant
967 1270 1052 1307 sunt,
1079 1266 1251 1307 indulgens
1277 1266 1385 1298 omnia

268 1314 391 1356 miseri,
966 1314 1058 1347 nobis
1089 1315 1145 1346 des

695 1394 726 1425 5.
753 1393 906 1426 Veniam.

250 1475 339 1503 Grad.
361 1484 414 1504 ms.
436 1475 466 1503 S.
487 1476 645 1504 Laurentii
666 1477 698 1505 in
717 1477 874 1514 Verano(?)
894 1486 971 1507 saec.
995 1476 1038 1505 11.
1062 1477 1132 1506 Cod.
1153 1479 1277 1507 Roman.
1299 1478 1434 1515 Angelie.
1453 1477 1507 1507 123

170 1514 205 1548 (B
224 1514 272 1541 111
295 1512 348 1549 18).
374 1529 411 1534 ——
440 1512 493 1548 3a,
515 1513 532 1542 2
551 1524 594 1552 sq.
617 1517 653 1543 ad
674 1515 777 1544 aethra
799 1518 959 1546 sublevari.
986 1533 1023 1537 —-
1050 1514 1104 1550 31),
1128 1516 1142 1544 1
1165 1517 1248 1545 fulta.
1269 1531 1306 1535 —-
1326 1515 1380 1553 4a,
1402 1515 1421 1546 3
1441 1527 1506 1554 per-

170 1553 312 1588 ciperent.
336 1568 370 1573 —-
392 1551 446 1587 4b,
471 1552 484 1581 1
507 1554 650 1582 Humana
672 1557 762 1591 atque
781 1565 843 1592 per.
865 1571 901 1575 —
922 1556 974 1589 41),
996 1553 1014 1582 2
1034 1558 1228 1592 perpeti-aste.

670 1668 720 1699 46.
749 1668 805 1700 Die
826 1669 999 1702 Dominiea.

554 1749 585 1782 1.
614 1748 730 1781 Venite
755 1749 867 1789 pusilli

614 1797 710 1829 simul
735 1800 768 1829 et
792 1798 918 1840 magni3

180 1874 238 1905 2a.
267 1872 387 1905 Tollite
410 1873 519 1905 oculos
876 1874 935 1908 2b.
960 1873 1125 1906 Defientes
1151 1874 1286 1915 propria

265 1921 398 1953 nimium
425 1921 468 1953 ad
493 1921 627 1954 aethera
963 1923 1084 1954 delicta
1108 1922 1269 1964 nutantia,

179 2000 242 2033 3a.
271 1999 500 2041 supplicantes
524 2000 611 2041 piam
874 2000 934 2035 31),
960 1999 1019 2032 Uti
1045 1999 1150 2031 salvet
1172 2000 1246 2040 pius

269 2047 472 2081 elementiam
961 2056 1002 2079 ao
1026 2047 1194 2091 gubernet,

267 2096 438 2129 salvatoris
462 2096 590 2139 almam,
961 2096 1106 2136 ingratos
1131 2098 1292 2137 protegat,

174 2174 237 2207 4a.
264 2173 417 2206 Flectens
437 2173 523 2214 piam
872 2174 933 2207 4b,
959 2173 1006 2206 Ut
1030 2172 1121 2206 fideli

267 2230 377 2254 aurem
403 2221 446 2253 ad
471 2230 586 2261 preces
960 2225 1069 2254 mente
1093 2223 1272 2262 psallentes

266 2268 460 2303 famulorum
488 2270 633 2312 devotas,
961 2270 1023 2302 tibi
1047 2279 1176 2311 semper
1202 2271 1383 2306 concinant.

178 2350 238 2382 5a.
265 2348 398 2390 Iamque
422 2347 642 2389 imploremus,
873 2349 932 2383 5b.
958 2348 1091 2390 Iamque
1118 2350 1339 2390 deprecemur,

264 2401 300 2429 ut
325 2397 435 2430 veniat
960 2400 996 2429 ut
1022 2397 1076 2430 det
1102 2399 1196 2432 nobis

265 2455 363 2487 super
387 2454 445 2478 nos
469 2445 587 2487 palma,
961 2446 1081 2478 collata
1105 2448 1260 2487 praemia.
