1656 2690
133 202 195 234 8a.

134 459 195 493 9a,

124 727 203 764 Trop

123 763 190 794 473.

132 1193 192 1225 2a.

134 1558 194 1590 3a.

133 1875 194 1908 4a.

133 2323 191 2354 5a.

707 102 969 137 —266—

222 201 276 233 Ad
302 201 392 233 cuius
419 209 493 232 ossa
835 200 894 234 8b.
921 199 1017 232 Unde
1042 208 1100 232 nos
1126 203 1219 232 tanta

224 249 352 288 sepulta
375 247 438 279 Dei
463 249 569 287 gratia
918 256 1091 287 precamur
1116 249 1220 288 patris
1245 247 1373 286 merita,

222 296 377 328 virtutum
401 296 559 327 miracula
918 298 956 327 ut
979 305 1038 329 nos
1064 297 1107 328 ad
1134 296 1288 328 caelestia

222 343 265 376 ad
289 343 420 376 laudem
444 352 535 375 suam
919 353 1028 377 secum
1053 344 1227 384 pertrahat

222 391 438 431 percelebrat.
918 393 1052 432 palatia.

221 457 288 490 Ubi
312 459 391 499 vita,
829 459 890 493 912.
915 459 983 492 Ubi
1003 463 1117 493 sancta

223 506 356 539 claritas
382 509 516 539 aeterna
917 508 1104 549 angelorum
1127 512 1235 541 turma

222 557 254 587 et
278 554 435 588 immensa
459 555 593 594 laetitia,
916 555 986 589 Deo
1011 559 1166 598 personat
1192 556 1319 589 cantica

589 622 645 657 10.
673 622 760 656 Voce
786 623 884 657 clara.

199 690 289 725 Trop.
320 697 376 717 ms.
406 689 618 717 Wintoniense
647 697 725 717 saec.
746 687 822 718 1⁰111.
863 689 934 718 God.
965 690 1111 718 Oxonien.
1141 689 1228 718 Bodl.
1257 688 1324 717 775.
1354 690 1390 718 A.
1419 705 1458 710 —-

206 747 213 754 .
233 736 288 756 ms.
312 728 519 756 Wintcniense
540 735 617 756 saec.
637 726 681 755 11.
717 727 786 756 Ood.
809 727 936 764 Oollegii
957 728 1098 765 Corporis
1114 729 1226 757 Christi
1243 728 1454 764 cantabrigen.

211 767 245 795 B.
266 781 304 785 —
325 765 379 801 2¹0,
400 764 418 795 3
440 766 541 794 dulcia
560 766 658 795 cordis
678 766 739 795 AB.
761 782 799 786 —
820 764 871 800 612,
894 766 912 794 2
933 766 1097 795 dominicas
1118 767 1178 795 AB.

548 859 616 892 307.
647 860 691 892 De
711 861 819 892 sancto
840 859 1030 892 Theobaldo.

512 933 542 965 1.
569 931 668 974 Ecce,
695 932 847 964 sacerdos
873 941 1019 974 magnus,

569 980 624 1019 qui
648 980 682 1011 in
708 980 776 1012 vita
798 989 856 1012 sua

568 1027 709 1060 suffulsit
734 1028 864 1060 domum

569 1078 602 1108 et
625 1076 659 1107 in
687 1075 801 1108 diebus
826 1076 893 1108 suis

569 1124 794 1156 corroboravit
819 1125 986 1165 templum.

219 1191 348 1232 Templi
374 1192 457 1223 enim
831 1191 890 1225 2b.
917 1191 956 1224 111
983 1190 1096 1224 diebus

221 1240 359 1273 altitudo
384 1239 424 1271 ab
450 1241 523 1280 ipso
915 1239 1017 1279 ipsius
1044 1243 1235 1272 emanarunt

221 1287 359 1321 fundata
915 1289 1006 1328 putei

220 1338 279 1376 est,
306 1336 427 1377 duplex
915 1345 1069 1375 aquarum

221 1383 404 1416 aedificatio
916 1387 949 1415 et
973 1384 1065 1424 quasi
1089 1392 1179 1416 mare

220 1434 251 1464 et
276 1431 396 1463 excelsi
915 1431 1084 1472 adimpleti

220 1480 362 1520 parietes
388 1478 515 1519 templi.
914 1482 990 1512 sunt
1014 1489 1116 1519 supra
1139 1480 1282 1512 modum.

221 1557 281 1598 Qui
307 1557 434 1590 curavit
827 1556 887 1591 3b.
913 1557 973 1597 Qui
999 1557 1136 1597 adeptus

220 1607 348 1646 gentem
371 1614 462 1637 suam
914 1607 965 1637 est
988 1605 1124 1646 gloriam

221 1654 254 1685 et
278 1653 431 1686 liberavit
456 1662 525 1686 eam
913 1654 946 1685 in
973 1654 1218 1686 conversatione

219 1711 239 1734 a
265 1702 420 1744 pernicie,
446 1702 500 1743 qui
912 1702 1017 1743 gentis
1045 1704 1077 1733 et
1099 1702 1281 1744 ingressum

220 1749 405 1790 praevaluit
915 1750 1028 1782 domus
1055 1748 1147 1793 [Dei]

220 1798 422 1838 amplificare
447 1799 619 1831 civitatem,
913 1800 946 1830 et
971 1799 1088 1830 atrium
1115 1798 1338 1839 amplificavit.

223 1875 320 1915 Quasi
345 1876 441 1908 stella
465 1877 623 1908 matutina
826 1875 886 1909 41).
913 1875 1011 1916 Quasi
1036 1876 1119 1916 ignis
1146 1875 1302 1917 effulgens

220 1925 254 1956 in
277 1925 384 1957 medio
408 1924 547 1957 nebulae
914 1925 946 1955 et
971 1926 1022 1955 tus
1048 1924 1166 1956 ardens
1191 1922 1226 1956 in
1249 1925 1335 1966 igne,

222 1977 254 2004 et
279 1972 371 2013 quasi
395 1973 493 2013 plena
520 1973 597 2005 luna
913 1972 1005 2012 quasi
1031 1972 1079 2004 sol
1104 1971 1281 2014 refulgens,
1308 1974 1356 2006 sic

219 2021 252 2053 in
281 2021 394 2053 diebus
420 2022 486 2053 suis
511 2021 616 2061 lucet3
913 2018 1045 2052 refulsit
1068 2020 1102 2052 in
1128 2021 1250 2062 templo
1277 2020 1355 2065 Dei3

223 2097 320 2137 Quasi
345 2098 424 2138 lilia,
451 2107 533 2138 quae
557 2101 632 2130 sunt
913 2098 1011 2139 Quasi
1037 2106 1131 2131 arcus
1157 2099 1372 2139 resplendens

219 2147 253 2178 in
279 2146 417 2179 transitu
442 2155 554 2187 aquae,
912 2147 998 2178 inter
1022 2146 1158 2180 nebulas
1184 2148 1307 2188 gloriae

223 2198 255 2226 et
280 2193 372 2234 quasi
395 2197 447 2226 tus
473 2194 623 2227 redolens
914 2196 947 2226 et
972 2195 1064 2235 quasi
1088 2193 1148 2228 flos
1173 2205 1320 2228 rosarum

219 2239 283 2286 (in)
311 2241 425 2275 diebus
450 2243 602 2282 aestatis3
912 2243 946 2275 in
973 2243 1087 2276 diebus
1113 2244 1218 2286 veris3

218 2321 317 2363 Quasi
342 2330 454 2354 aurum
480 2321 629 2364 solidum,
827 2320 885 2354 5b.
914 2321 1011 2361 Quasi
1038 2320 1125 2354 oliva
1149 2322 1314 2363 pullulans

218 2373 366 2404 ornatum
914 2371 947 2401 et
971 2378 1142 2410 cupressus

219 2419 304 2452 omni
331 2419 442 2460 lapide
466 2418 627 2459 pretioso3
913 2418 947 2450 in
974 2418 1180 2451 altitudinem
1206 2429 1242 2452 se
1268 2422 1441 2456 extollens⁴
