1656 2690
197 213 216 245 4
229 221 258 246 a.
287 213 379 253 Quod
387 213 429 247 ad
437 215 558 247 cultum
568 214 690 248 Christi

287 261 404 294 Traxit
427 262 518 296 idola
543 263 697 304 colentes,

337 310 460 343 Ductas
487 320 547 351 per
572 311 691 346 inania.

203 378 263 411 5a.

288 424 466 459 piscatoris
492 426 591 459 sumit
616 437 695 460 onus

290 378 420 419 Pauper
446 379 580 418 praesul
597 382 632 411 et
646 383 805 419 patronus

703 116 967 152 *281*

702 217 814 256 gentes
899 217 918 248 4
926 214 957 248 b.

898 379 958 413 5¹0.

337 473 580 508 Contemnendo
606 477 756 517 grandia,

199 542 259 575 6a.

287 542 393 576 Cursu
417 543 519 575 traxit
542 542 576 575 in
604 552 746 576 errorem

898 543 957 576 6b.

285 590 404 632 Boves,
431 599 562 624 currum
585 595 618 624 et
636 591 803 625 ductorem

337 638 512 672 Daemonis
538 640 691 681 versutia,

202 706 220 739 7
233 715 264 739 a.

288 705 400 739 Mutat
425 707 560 740 daemon
586 707 659 740 loca
684 707 788 739 tristis

898 706 957 739 7b.

286 754 367 787 Tam
400 755 434 787 in
459 755 525 788 illis
554 764 649 795 quam
674 755 709 787 in
733 755 805 787 istis

334 802 402 835 Sua
424 801 528 844 figens
550 803 666 836 iacula.

200 871 262 904 8a.
288 870 376 902 Atex
402 870 534 903 tandem
560 870 700 903 intumes

704 871 758 910 cit,
897 869 916 902 8
926 869 957 903 b.

285 918 400 951 Timor
425 916 521 951 famis
546 919 719 951 invalesmt

335 967 400 999 Per
424 969 516 1000 tanta
544 966 667 1000 diluvia
681 978 688 1007 3

200 1035 261 1069 9a.
290 1034 388 1067 Cuius
415 1043 477 1074 ope
499 1035 601 1076 surdi,
629 1035 719 1075 muti,

290 1082 415 1122 Claudi,
443 1083 532 1115 caeci
557 1083 700 1116 restituti

898 1033 958 1067 Ob.

337 1130 537 1164 Praedicant
561 1131 728 1165 miracula.

177 1199 260 1233 lOa.
287 1199 383 1231 Illam
411 1207 504 1231 cures
528 1203 585 1231 tua
609 1207 716 1243 prece,

877 1198 960 1232 10b.

286 1246 356 1280 Nos
381 1247 422 1279 ab
449 1248 536 1279 omni
561 1247 636 1280 lava
661 1246 753 1280 faece

334 1296 400 1328 Per
425 1300 481 1328 tua
505 1296 705 1338 precamina,

244 1370 332 1400 Grad,
361 1380 416 1399 ms.
443 1370 628 1400 Civitatense
654 1380 731 1400 satc.
756 1370 800 1400 14.
828 1374 868 1401 in.
914 1371 983 1400 God.
1016 1371 1174 1400 Civitaten.
1202 1372 1311 1401 LVIII.
1338 1387 1377 1392 —-
1407 1370 1462 1405 Sa,
1488 1370 1501 1400 1

162 1411 274 1438 florem.
294 1424 334 1430 -ι
352 1410 498 1439 Melodie:
519 1411 652 1439 Lauda
672 1411 693 1439 S

701 1412 774 1439 ion.

986 215 1040 248 Sic
1065 215 1198 248 obtentu
1223 214 1405 248 sanctitatis

984 264 1047 296 Est
1072 267 1199 296 creatus
1227 264 1368 296 civitatis

1034 311 1171 346 Praesul
1194 312 1227 345 in
1254 312 1402 345 ccclesia.

986 379 1096 412 Pisces
1120 380 1226 423 hamo,
1253 379 1342 414 viros
1367 389 1426 412 orc

985 427 1161 461 piscatoris
1188 428 1275 469 capit
1299 436 1390 461 morc

1031 476 1116 509 Bina
1141 485 1200 517 per
1223 475 1344 510 officia.

984 543 1070 583 Quos
1102 546 1134 575 et
1158 548 1280 576 motum
1304 543 1373 576 irae
1399 543 1499 575 trucis

982 590 1080 623 Facit:
1103 594 1193 624 stare
1217 592 1308 633 signo
1333 592 1439 624 crucis

1034 638 1211 672 Piscatoris
1237 640 1352 682 gratia.

986 706 1084 748 Regis
1111 706 1260 740 Gratiani
1286 711 1395 740 natam

983 754 1051 787 Isto
1079 755 1235 787 daemone
1262 759 1412 788 vexatam

1034 802 1159 835 Curam
1181 803 1276 836 huius
1301 803 1427 836 merita.

983 869 1071 902 Muri
1100 869 1191 902 stetit
1216 870 1259 903 ad
1286 870 1479 913 exemplum,

985 917 1056 950 Nec
1077 917 1215 951 intravit
1239 927 1322 960 aqua
1343 919 1500 959 templum

1034 966 1145 999 Sancti
1170 975 1231 1006 per
1252 967 1393 1001 oracula.

985 1033 1084 1075 Ergo,
1111 1036 1224 1075 pastor
1250 1034 1403 1074 civitatis,

986 1081 1082 1115 Cuius
1109 1085 1159 1115 est
1182 1082 1216 1114 in
1242 1081 1333 1125 Syrti
1358 1083 1438 1116 ratis

1033 1130 1080 1163 Et
1104 1131 1206 1163 multa
1227 1131 1368 1172 miseria,

987 1198 1034 1232 Ut
1058 1207 1078 1231 a
1102 1198 1196 1231 malis
1223 1199 1345 1240 expiati

989 1247 1238 1280 Praesentemur
1263 1247 1400 1280 trinitati

1036 1296 1113 1329 Cum
1141 1296 1263 1329 sanctis
1289 1296 1322 1328 in
1349 1297 1463 1337 gloria.
