1656 2690
725 104 990 140 ——143—

261 198 387 228 Missale
413 201 581 230 Rhemense
606 202 676 238 imp.
707 202 829 230 Rhemis
857 200 940 231 1553.
968 218 1007 222 —
1035 201 1087 235 5a,
1109 200 1127 229 2
1155 203 1268 231 clamor
1293 202 1399 231 harum
1428 204 1524 230 noete.

183 237 355 266 Auffallend
386 241 428 267 ist
457 239 507 267 die
531 240 827 279 Vernachliissigung
857 242 909 270 des
935 242 1053 270 Reimes
1080 242 1113 268 in
1138 241 1234 270 dieser
1259 242 1320 269 und
1348 240 1400 269 der
1428 249 1523 269 eorre-

183 277 421 313 spondierendeu
447 278 661 316 Halbstrophe.
693 295 733 299 —
762 277 818 314 81),
845 278 863 307 2
890 282 909 309 1.
936 280 1007 308 lux?
1036 295 1076 300 —-
1104 280 1236 308 Melodie
1260 279 1522 309 wahrseheinlieh:

182 315 291 344 Mane
310 318 431 352 prima
451 318 611 346 sabbati.

630 430 691 463 158.
732 432 774 463 De
796 432 909 464 sancta
932 431 1080 464 Caecilia.

196 511 213 544 1
229 521 258 545 a.
285 512 396 545 Mater
422 511 500 548 Sion
527 515 651 556 sancta,
678 512 793 556 gaude,
865 514 924 547 lb.
952 514 1048 555 Voce,
1077 518 1163 556 voto,
1192 515 1291 547 corde
1315 514 1447 552 mundo,

286 560 364 594 Dies
388 562 484 594 adest
510 561 608 603 digna
632 562 730 594 laude
951 562 1059 596 Thoro
1083 566 1182 605 casto,
1209 562 1405 595 laetabundo

334 609 478 651 Virginis
504 610 676 644 Caeciliae.
1000 611 1076 644 Sion
1103 612 1205 644 assint
1230 611 1328 644 filiae.

195 697 254 729 22.
283 696 374 729 Haec
399 707 561 738 nunquam
583 706 619 730 se
635 698 823 739 permiscuit
862 697 922 730 2b.
949 698 1020 730 Nec
1046 698 1218 731 clamorem
1246 697 1412 730 exaudivit

280 745 521 786 Participemve
544 746 697 787 praebuit
949 746 1132 787 Exactoris,
1160 746 1219 780 sed
1245 746 1400 778 contrivit

329 792 525 826 Ludentium
552 794 718 837 lasciviae,
1000 795 1106 835 Caput
1131 794 1243 836 anguis
1269 793 1444 835 nequitiae.

191 881 252 914 3a.
281 879 365 913 Fide
390 889 469 914 vera
495 882 706 923 desponsavit
862 882 923 915 3b.
949 882 1004 925 Et,
1034 882 1075 914 de
1099 891 1161 923 quo
1187 881 1394 921 sollicitatur,

279 928 442 969 sponsum
468 932 503 962 et
527 929 729 963 cohabitavit
949 931 1068 963 Frater
1094 939 1213 970 sponso
1239 930 1412 971 colligatur

328 977 383 1009 1111
410 978 507 1011 castis
533 979 747 1021 amplexibus.
998 978 1177 1019 Religionis
1203 978 1349 1011 nexibus.

191 1065 253 1096 42.
280 1063 349 1096 Hos
376 1065 525 1098 Christus
548 1065 582 1097 in
609 1073 647 1097 ea
671 1066 783 1106 gignit,
861 1067 924 1101 4b.
950 1066 1020 1099 Hos
1047 1065 1239 1099 transmittit
1260 1065 1302 1097 ad
1321 1065 1490 1100 Urbanum

281 1111 349 1144 Hos
376 1113 547 1158 confortat,
576 1114 634 1146 hos
659 1113 793 1155 insignit
949 1115 1169 1155 Baptizandos
1196 1116 1228 1146 et
1252 1113 1421 1155 profanum

326 1160 459 1194 Florum
486 1162 582 1194 sertis
997 1163 1103 1196 Docet
1128 1162 1284 1195 mundum

323 1209 375 1241 Ex
402 1210 558 1243 consertis
995 1211 1225 1245 Moribundum

375 1258 470 1291 Rosis
492 1261 589 1300 atque
613 1259 702 1293 liliis.
1042 1259 1126 1293 Esse
1151 1269 1223 1292 cum
1250 1259 1386 1291 deliciis.

188 1347 248 1378 5a.
275 1345 360 1378 Fide
385 1344 478 1389 fulta,
859 1348 918 1381 5b.
946 1347 1073 1380 Doctae
1098 1348 1215 1380 mentis

274 1392 401 1426 Mundo
428 1394 515 1427 culta
944 1395 1155 1437 Argumentis

326 1442 497 1483 Virginum
522 1442 678 1484 regalium
994 1444 1136 1485 Superat
1159 1443 1377 1477 Almachium.

187 1532 249 1564 (ia.
276 1532 323 1563 At
345 1530 475 1572 iniquus
500 1531 586 1563 hanc
611 1533 749 1565 cremari
855 1533 916 1567 61).
942 1531 1009 1565 Sed
1036 1533 1068 1564 vi
1092 1532 1196 1564 tridui
1222 1531 1340 1563 caloris

274 1579 383 1623 Iussit,
410 1578 540 1612 flamma
565 1580 712 1613 balneari
942 1580 1013 1613 Nec
1037 1580 1174 1613 terroris
1197 1588 1259 1613 nec
1285 1580 1413 1613 sudoris

324 1627 456 1661 Crudeli
481 1628 660 1670 sententia3
992 1629 1161 1662 Laxantur
1186 1629 1332 1669 vestigia.

188 1717 248 1748 7a.
276 1716 422 1748 Tandem
447 1720 573 1757 martyr
597 1718 788 1750 inconcussa
857 1718 916 1751 7b.
945 1717 1008 1749 Per
1033 1720 1100 1749 tres
1129 1716 1198 1748 dies
1225 1724 1323 1748 orans
1349 1715 1433 1749 vixit

274 1764 379 1797 Ferro
407 1764 489 1798 collo
515 1768 567 1797 ter
591 1774 758 1807 percussa,
944 1765 989 1798 Et
1015 1773 1200 1798 concessam
1227 1772 1299 1796 esse
1326 1764 1410 1797 dixit

322 1813 393 1846 Nec
409 1823 484 1847 mox
501 1814 568 1846 vita
582 1813 695 1847 functa
706 1818 813 1847 tamen
992 1814 1108 1846 Pacem
1133 1812 1254 1845 sanctis
1282 1822 1320 1845 ac
1348 1812 1453 1846 adivit

324 1861 453 1895 Christo
471 1871 599 1895 sacrum
612 1861 650 1896 fit
662 1863 812 1897 libamen.
992 1863 1162 1903 Sponsum,
1170 1870 1299 1902 semper
1305 1871 1399 1903 quem
1405 1863 1518 1897 sitivit.

184 1952 240 1986 Sa,
271 1951 344 1992 Eia,
371 1951 474 1994 virgo,
501 1961 622 1993 sponsa
646 1952 719 1994 Dei,
853 1952 913 1987 8b.
940 1951 1013 1992 Eia,
1048 1952 1189 1991 martyr,
1216 1949 1336 1982 victrix
1361 1951 1486 1992 mortis,

272 2000 341 2033 Nos
367 2003 476 2034 astare
501 1999 597 2033 faciei
939 1999 1009 2032 Nos
1037 2002 1203 2033 consortes
1229 2001 1306 2031 tuae
1331 1998 1430 2032 sortis

320 2049 438 2089 sponsi
464 2048 518 2084 fac
541 2050 576 2082 in
601 2050 716 2092 gloria.
991 2050 1060 2082 Fac
1084 2048 1119 2080 in
1145 2047 1225 2080 caeli
1252 2048 1370 2088 patria.

253 2136 343 2165 Grad.
363 2146 419 2165 ms.
439 2137 566 2166 Arnoldi
586 2146 663 2166 saec.
679 2135 725 2166 13.
746 2139 788 2167 in.
822 2137 895 2166 Cod.
910 2137 1009 2172 Capit.
1024 2135 1243 2173 Aquisgranen.
1257 2133 1327 2162 XII.
1350 2133 1417 2162 add.
1438 2143 1517 2163 saee-

174 2175 218 2205 14.
246 2178 282 2205 A.
310 2190 348 2195 --
378 2175 467 2204 Grad.
494 2185 548 2204 ms.
569 2177 814 2214 Aquisgranense
842 2177 912 2204 anni
942 2172 1025 2203 1330.
1070 2173 1140 2202 Cod.
1174 2173 1271 2210 Capit.
1298 2173 1518 2209 Aquisgranen.

171 2215 236 2244 XV.
257 2217 291 2245 Β.
318 2231 359 2235 —
387 2215 476 2244 Grad.
497 2224 552 2243 ms.
573 2216 816 2254 Aquisgranense
837 2224 914 2244 saec.
939 2211 983 2242 13.
1026 2213 1097 2242 Cod.
1120 2214 1322 2248 Arenbergen.
1346 2213 1517 2241 Bruxellen.

170 2253 196 2283 9.
215 2255 246 2283 G.
267 2271 306 2274 —
326 2255 411 2283 Miss.
432 2263 486 2283 ms.
502 2254 745 2292 Aquisgranense
765 2263 835 2283 saec
867 2253 911 2283 15.
948 2253 1018 2282 Cod.
1033 2253 1203 2281 Bi‘uxellen.
1227 2249 1292 2279 162.
1308 2252 1346 2280 D.
1368 2266 1406 2271 -—
1428 2251 1517 2280 Grad.

170 2304 225 2323 ms.
247 2294 276 2323 S.
297 2294 443 2324 Gereonis
464 2294 655 2323 coloniensis
679 2296 750 2323 anni
772 2292 857 2322 1424.
899 2293 971 2322 Cod.
991 2294 1071 2321 Mus.
1093 2292 1230 2329 Archiep.
1253 2290 1407 2319 Colonien.
1426 2291 1470 2318 VI
1490 2290 1517 2319 5.

169 2334 206 2361 E.
230 2349 269 2354 —
289 2333 378 2363 Grad.
403 2343 457 2362 ms.
480 2334 708 2362 Boscodueense
728 2342 805 2362 saec.
829 2330 874 2361 15.
912 2332 983 2360 Cod.
1005 2332 1092 2360 Arch.
1109 2331 1139 2359 S.
1154 2331 1298 2359 Iohannis
1312 2329 1517 2358 Boseoducen.

169 2381 192 2400 s.
214 2383 243 2400 n.
264 2373 298 2401 F.
328 2387 367 2392 —
390 2373 477 2402 Miss.
502 2382 558 2401 ms.
578 2374 866 2401 Mosaetraiectense
886 2379 963 2400 saec.
988 2370 1031 2399 15.
1075 2369 1145 2398 Cod.
1167 2370 1285 2407 Hagen.
1307 2369 1327 2397 J
1351 2367 1395 2398 10.
1418 2368 1452 2396 G.
1479 2384 1517 2388 —

167 2410 221 2448 41³,
238 2410 253 2439 1
275 2413 444 2441 transmisit
456 2412 516 2441 FG.
543 2429 578 2433 —
600 2410 653 2446 61),
670 2410 685 2440 1
700 2413 764 2441 Nec
777 2413 810 2439 vi
829 2411 862 2439 F.
884 2427 922 2431 —
944 2408 997 2444 6b,
1013 2408 1031 2437 2
1045 2410 1170 2438 tortoris
1184 2409 1218 2437 F.
1238 2425 1278 2429 —-
1299 2407 1349 2442 7a,
1364 2405 1384 2436 4
1399 2415 1516 2435 sacrum

168 2451 228 2480 fert
245 2451 308 2480 FG.
328 2466 366 2470 —-
387 2451 442 2486 7b,
463 2448 482 2481 3
504 2454 534 2479 et
553 2452 650 2480 adivit
669 2451 729 2480 FG.
751 2465 788 2472 --
809 2449 863 2485 712,
885 2448 904 2478 4
927 2450 1079 2486 quaesivit
1096 2448 1158 2476 EG.
