1656 2690
179 262 240 294 ssa.

177 578 238 610 4a.

178 752 238 785 5a.

179 1023 242 1055 622.

180 1245 239 1276 7a.

175 1465 237 1500 Sa.

700 159 964 196 -148—

268 258 377 291 Hodie

266 306 415 339 caelestis
441 306 584 338 laetatur
609 305 714 346 turba,

265 363 329 395 qua
355 354 467 387 Gloria
493 356 627 386 cantant

265 403 299 434 in
324 402 460 436 excelsis

265 458 345 483 voce
372 450 540 483 dulcisona

264 507 335 530 cum
361 498 565 540 symphonia.

264 577 346 618 Ave,
373 576 486 608 inclite

263 626 388 666 martyr
414 624 545 666 Christi,
573 624 732 664 Clemens,

265 671 325 706 flos
350 672 578 714 pulcherrime,

264 751 402 783 Aeterni
427 750 513 791 regis

267 799 405 840 adeptus
431 807 465 831 cs
491 807 608 840 regna3

267 848 335 880 Iam
363 847 538 889 gratularis

266 896 300 927 in
326 895 420 928 domo
445 903 587 935 superna

266 944 437 984 possidens
463 943 557 976 sedes
583 943 694 976 almas.

270 1021 295 1054 Ο
322 1020 432 1064 beate‚'

269 1078 287 1101 ο
313 1072 424 1101 sancte
451 1069 611 1111 Clemens,

266 1117 357 1150 salva
383 1120 547 1150 catervam
571 1117 656 1149 hanc

266 1163 406 1198 fidelem.

266 1242 336 1275 Nos
361 1252 433 1275 mm

268 1299 450 1324 mereamur
475 1293 589 1323 sancta

265 1340 414 1379 polorum
440 1340 507 1371 alta

266 1464 316 1497 Sit
340 1465 410 1497 Deo

268 1513 350 1557 lane,
377 1513 481 1545 honor
506 1515 539 1544 et

269 1560 417 1594 iubilatio
445 1563 543 1601 casta,

875 258 939 291 3b.

876 575 935 608 4b.

875 749 935 784 51).

876 1019 935 1053 6b.

878 1242 936 1276 7b.

878 1464 939 1499 8b.

964 257 1074 291 Hodie

962 305 1110 346 polorum
1137 306 1250 336 sancta
1276 301 1407 343 agmina

963 353 1150 386 collaudant
1175 359 1283 391 regem

964 410 1075 441 regum
1101 402 1258 440 nostrum,

963 453 1073 482 natum
1101 458 1139 481 ex
1167 447 1292 487 virgine

961 501 1073 530 sancta
1096 496 1215 529 Maria.

962 574 1013 606 Tu
1037 574 1175 614 vestigia

964 622 1087 656 Christi
1114 624 1242 654 secutus
1269 631 1303 654 es

963 669 1030 704 fide
1057 672 1182 704 devota.

963 748 1010 781 Te
1037 748 1240 790 deposcimus

964 799 997 828 et
1021 798 1159 838 petimus
1185 804 1269 828 una:

965 845 1097 879 Adiuva
1121 848 1177 877 tua

962 897 1076 926 sancta
1102 892 1257 933 suffragia

963 951 1102 975 consona
1128 950 1207 974 voce
1228 943 1349 974 nostra.

963 1019 988 1052 O
1015 1018 1120 1059 beate,

964 1076 981 1099 o
1008 1069 1119 1099 sancte
1145 1066 1304 1106 Clemens,

962 1115 1033 1147 laus
1058 1115 1130 1156 tibi,
1154 1114 1260 1155 gloria

963 1163 1006 1195 sit
1031 1172 1169 1204 semper.

964 1291 1138 1323 Possidere
1161 1290 1258 1332 laeta,

967 1342 1128 1371 certantes
1155 1338 1241 1370 alma

963 1388 1099 1431 wadia,
1129 1395 1213 1428 quac
1237 1390 1316 1420 sunt
1338 1387 1449 1428 plena.

968 1465 1028 1505 Qui
1055 1468 1170 1506 regnat

965 1522 1025 1554 per
1048 1523 1155 1546 omnia

966 1564 1167 1596 saeculorum
1194 1563 1333 1595 saecula.

617 1641 648 1674 9.
676 1641 781 1672 Amen
809 1640 921 1673 dicant
948 1641 1064 1674 omnia.

249 1725 338 1754 Grad.
364 1734 419 1753 ms.
444 1724 633 1753 Vercellense
659 1733 735 1753 saec.
766 1722 810 1753 11.
853 1726 925 1754 Cod.
947 1726 1043 1762 Capit.
1063 1727 1230 1755 Vercenen.
1253 1728 1358 1756 CLXI.
1386 1744 1424 1748 —
1451 1729 1509 1757 Die

172 1764 302 1793 Mclodie
316 1765 357 1792 ist
370 1765 402 1792 in
415 1764 551 1793 Neumen
564 1763 766 1799 verzeichnet3
790 1766 834 1793 sie
848 1766 889 1792 ist
903 1765 1034 1793 offenbar
1048 1766 1125 1794 nach
1140 1766 1203 1794 dem
1219 1767 1357 1802 gleichen
1374 1766 1507 1803 Schema,

173 1805 227 1831 wie
248 1803 348 1831 Haec
373 1803 452 1831 dies
479 1804 534 1830 est
561 1805 692 1831 sancta
710 1800 808 1837 (Anal.
831 1804 896 1838 VH,
918 1804 969 1832 ΝΥ.
994 1802 1041 1842 16)
1066 1806 1121 1833 mit
1144 1806 1288 1843 geringen
1310 1806 1507 1835 Differenzen.

173 1843 247 1870 Hier
272 1842 328 1870 wie
356 1842 424 1870 dort
447 1842 546 1870 haben
572 1842 620 1870 die
647 1841 711 1869 drei
738 1845 836 1870 ersten
857 1841 961 1871 Silben
993 1852 1050 1871 von
1072 1844 1129 1872 Str.
1152 1843 1193 1871 7a
1221 1843 1284 1873 und
1305 1846 1353 1873 dic
1375 1844 1508 1874 Sohluss-

173 1881 276 1910 Silben
301 1889 361 1909 von
382 1880 425 1909 71>
453 1881 526 1908 kein
547 1880 776 1908 musikalisches
797 1881 995 1918 Gegcnstiick.
1023 1898 1061 1902 —
1086 1883 1130 1910 Zu
1151 1880 1204 1917 510,
1228 1880 1245 1912 3
1267 1893 1345 1921 sqq.:
1369 1883 1508 1921 „nostra“

173 1919 278 1957 gehort
309 1920 352 1948 als
384 1928 445 1947 acc.
476 1928 513 1946 zu
544 1917 731 1955 ,‚suffi·agia“,
761 1920 831 1955 „tua
861 1921 966 1947 sancta
995 1918 1144 1949 (ιοηεοῃε.α
1175 1921 1241 1950 sind
1270 1923 1422 1951 Attribute
1451 1932 1509 1952 von

176 1957 293 1995 „voce“.
316 1972 352 1977 ——
373 1958 427 1992 7b,
451 1955 468 1986 3
489 1959 636 1986 certantes
651 1969 688 1979 =
703 1959 867 1986 erstreiten.

186 2191 203 2224 1
218 2199 246 2222 a.
275 2189 385 2222 Omnis
410 2190 504 2222 homo
531 2189 604 2229 piae
629 2189 745 2221 mentis

527 2107 588 2140 166.
627 2109 671 2140 De
692 2116 734 2139 ss.
754 2107 910 2140 Clemente
932 2109 965 2141 et
985 2108 1152 2144 Ildefonso.

271 2237 401 2271 Laudes
427 2237 514 2270 beati
540 2236 714 2270 Clementis

322 2285 446 2319 Psallat
474 2294 545 2317 cum
568 2286 703 2318 laetitia.

187 2377 247 2410 2a.
273 2374 376 2419 Fecit,
404 2376 441 2406 ut
465 2375 560 2414 petra
584 2376 732 2405 manaret

275 2423 397 2465 Aquas,
423 2425 460 2455 ut
483 2425 516 2454 et
540 2422 722 2456 abundaret

321 2471 463 2513 Aperite
487 2472 597 2504 maria.

884 2191 939 2225 lb.

967 2191 1032 2225 Hic
1071 2194 1121 2226 vir
1146 2197 1276 2227 sanctus
1302 2195 1372 2228 Deo
1399 2202 1510 2237 gratus

967 2241 1031 2274 Est
1058 2247 1135 2282 post
1158 2242 1290 2275 Petrum
1316 2244 1509 2279 sublimatus

1019 2290 1133 2322 Pastor
1158 2290 1191 2321 in
1218 2291 1366 2325 ecclesia.

881 2376 944 2422 2Kb.
970 2376 1078 2409 Hodie
1105 2378 1180 2408 sunt
1203 2379 1311 2418 magni
1338 2381 1434 2420 regis,

970 2423 1120 2457 Custodis
1146 2425 1250 2465 gentis
1277 2429 1310 2457 et
1338 2427 1430 2468 legis,

1016 2472 1178 2513 Alphonsi
1203 2474 1334 2509 natalia.
