1656 2690
704 121 969 157 -150—

173 221 258 255 1021.
286 221 358 255 Illic
385 224 416 254 et
440 231 585 254 rosarum
612 220 708 254 flores
876 221 957 255 101).
986 222 1024 254 In
1057 221 1108 253 his
1132 230 1190 253 rex
1216 230 1324 261 regum
1352 223 1500 263 quiescit,

285 271 406 302 Astant
432 271 602 311 cunctique
628 270 754 313 odores,
987 270 1049 310 Qui
1073 270 1232 302 maculam
1259 269 1358 303 ullam
1385 271 1499 310 nescit,

338 318 397 358 Qui
425 318 574 361 fragrant
599 319 780 352 clementia.
1033 318 1174 351 Pascens
1199 318 1286 350 inter
1310 318 1390 352 lilia.

172 397 211 430 11
228 406 256 429 a.
284 396 334 429 Ibi
362 405 436 439 ergo
464 396 613 429 collocati
872 397 953 432 11b.
981 397 1020 430 In
1045 400 1211 429 aeternum
1238 395 1447 435 exsultantes,

287 444 509 485 sempiternae
533 445 695 477 maiestati
982 442 1192 478 Sanctifluum
1218 443 1393 477 iubilantes

331 493 451 527 Demus
477 494 542 534 pia,
1031 493 1184 527 Alleluia.

238 570 322 598 Miss.
346 579 399 598 ms.
422 571 450 599 S.
471 571 620 607 Amulphi
641 571 784 599 Metensis
806 573 876 599 anni
900 568 984 599 1321.
1029 569 1098 598 Cod.
1120 570 1230 598 Meten.
1255 567 1319 598 133.
1345 586 1383 590 —
1406 568 1458 604 62,
1479 568 1499 598 4

164 609 259 637 dulce.
285 625 323 628 —
344 608 397 644 7b,
421 608 436 637 1
457 610 503 638 Ad
521 613 551 638 te
571 618 654 638 mens
674 612 785 637 nostra.
807 624 845 628 —
866 609 918 644 81³,
942 607 960 638 3
981 609 1134 638 Claritate.
1156 623 1195 627 -
1215 606 1267 642 9a,
1293 607 1306 636 1
1329 609 1440 637 dulces.
1466 623 1500 627 —

164 645 411 714 ὲίἓῇῗὲῗῖῃεῒ.
433 663 466 667 -
493 646 762 682 11b‚21ubiland0
775 649 971 677 sanctiflnum.
994 664 1031 668 —
1050 647 1194 675 Melodie:
1208 646 1499 684 Gongaudentes

587 780 648 812 168.
683 780 728 811 Dc
749 781 858 811 sancto
881 780 1077 813 columbano.

550 852 580 884 1.
607 852 660 883 Ad
689 854 843 892 extrema,
871 861 957 895 ecce,
980 852 1092 884 mundi

605 900 749 932 mirabili

608 949 749 980 candore
774 948 884 980 Titani

608 996 750 1028 radiavit
774 996 892 1038 insula,

171 1073 232 1105 Za.
260 1071 421 1104 Tribuens
446 1070 593 1104 lucifluas
869 1073 929 1106 21).
955 1073 1088 1106 Scilicet
1113 1073 1247 1105 occiduo

261 1128 367 1151 comas
392 1119 521 1152 luminis
954 1122 1046 1162 ponti
1070 1121 1217 1162 margine

260 1167 379 1209 eximii,
957 1179 1027 1202 cum
1052 1172 1209 1210 properat

171 1246 230 1279 3³..
261 1243 426 1286 Columba,
867 1246 925 1281 3b.
953 1246 1101 1279 Barbara

256 1301 348 1324 sacer
373 1294 514 1333 nuntius,
954 1295 1056 1327 corda
1081 1295 1214 1327 instruit

258 1345 347 1372 ortus
373 1341 542 1382 Hibernia,
953 1346 1067 1383 petens
1093 1343 1296 1375 Britanniam

168 1419 229 1451 4a.
255 1417 306 1450 Ac
333 1418 458 1450 demum
485 1418 668 1451 Sicambros
864 1421 924 1454 4b.
950 1420 1035 1453 Dum
1061 1423 1155 1453 sanat
1179 1429 1293 1461 aegros

257 1475 349 1498 sacro
375 1467 484 1506 gladio
951 1478 1015 1500 una
1039 1473 1183 1501 mortuos

258 1514 409 1557 coercuit,
952 1516 1132 1550 vivificans,

172 1592 231 1624 5a.
258 1591 458 1625 Daemonum
865 1594 925 1628 5b,
952 1594 1138 1626 Lustrando

256 1638 399 1672 furorem
424 1643 564 1673 taetrum
951 1643 1059 1674 lumen
1084 1642 1182 1683 caeci,

256 1688 376 1728 proicit
401 1689 441 1722 ab
469 1690 606 1734 homine,
950 1699 1068 1732 parere
1095 1691 1152 1723 dat
1177 1691 1334 1726 sterilem.

168 1766 227 1799 6a.
254 1765 381 1797 Dehinc
403 1767 531 1799 Italiam
862 1767 921 1801 6b.
952 1768 1077 1808 Regum
1104 1768 1242 1810 iniuriis,

254 1822 386 1855 pressus
411 1815 592 1856 ingreditur
952 1816 1110 1848 construit
1135 1816 1294 1849 Bobbium

639 1892 668 1924 7.
696 1891 868 1924 Trinitatis
894 1893 1009 1934 gloria.

236 1957 323 1985 Grad.
344 1966 398 1985 ms.
419 1959 588 1986 Bobbiense
608 1966 684 1986 saec.
709 1955 753 1985 12.
797 1958 867 1988 Cod.
889 1960 1050 1988 Taurinen.
1071 1960 1095 1988 F
1114 1961 1158 1988 IV
1185 1959 1228 1989 18.
1256 1976 1294 1980 —
1326 1961 1378 1998 4b,
1402 1963 1417 1992 1
1438 1965 1495 1994 lies

158 1997 316 2032 aegrotos?
336 2010 374 2015 -
395 1995 447 2031 51),
468 1995 486 2024 2
505 1997 562 2025 lies
582 1995 719 2024 lumina?

521 2089 581 2121 169.
619 2091 661 2122 De
683 2091 792 2122 sancto
814 2091 945 2124 Daniele
967 2093 1131 2126 Patavino.

168 2161 228 2194 1a.
256 2159 452 2194 Confitentes
478 2162 650 2193 recitemus
863 2164 923 2198 lb.
949 2165 1009 2205 Qui
1035 2166 1158 2199 Tobiae
1179 2171 1347 2208 reparavit

257 2208 388 2241 Laudes
413 2209 486 2250 Dei,
514 2209 600 2250 quod
629 2210 791 2253 debemuS,
952 2213 1072 2254 Visum,
1099 2215 1133 2248 in
1159 2225 1221 2256 quo
1246 2220 1454 2256 praenotavit,

307 2257 353 2290 Ut
377 2259 516 2290 testatur
541 2258 707 2299 Raphae13
999 2263 1082 2306 Hoc,
1109 2264 1195 2304 quod
1222 2269 1353 2299 sanctus
1377 2268 1493 2301 Daniel

165 2337 226 2369 2a.
253 2335 434 2389 Reparavit.
458 2335 560 2367 visum
586 2335 703 2380 Tusco,
863 2340 922 2373 2b.
950 2339 1047 2380 Spem
1074 2341 1268 2381 promittens
1295 2345 1471 2391 oculorum,

256 2383 313 2417 Cu1
340 2387 435 2416 nocte
460 2384 518 2415 sed
546 2393 678 2417 corusco
954 2388 1053 2427 Quam
1079 2389 1209 2422 medela
1233 2390 1433 2426 medicorum

304 2432 405 2465 Vultu
431 2433 520 2465 venit
545 2432 658 2465 obvius
1001 2436 1184 2478 Denegavit
1209 2438 1351 2482 penitus,
