1656 2690
713 123 976 159 -194-

183 222 243 254 Sa.
272 221 350 254 Cum
375 219 416 253 ab
441 219 573 251 ineunte

875 221 934 255 31).
960 221 1005 254 Ut
1029 221 1115 253 inter
1141 228 1275 254 coaevas

269 271 375 301 aetate
965 268 1119 309 effulgens

268 316 380 358 qratia

268 364 425 396 Iustinam
964 365 1129 398 nominata

268 411 460 452 perfuderat
484 411 576 455 mira,
965 412 1008 444 sit
1033 422 1128 453 quam
1151 412 1324 446 immerita.

180 490 241 522 4a.
271 488 355 521 Nam
382 488 500 520 claruit
878 489 938 524 4b,
966 487 1139 522 Perfloruit

183 616 242 649 5a.

268 536 355 570 fama
379 537 480 578 magis
507 540 538 568 et
565 537 651 576 vita;

270 615 308 647 In
335 623 429 655 quem
452 614 536 655 iugis
561 614 686 646 intenta

270 662 504 695 Maximianum

272 719 404 752 agressa
430 714 481 742 est
504 711 651 754 victoria,

880 615 939 648 5b.

964 537 1055 577 virgo
1081 540 1207 578 martyr
1231 537 1266 569 in
1293 537 1433 571 Christo,

967 614 1034 654 Quo
1060 614 1230 647 Patavium
1256 614 1407 654 sacravit,

969 662 1092 694 caelum
1118 661 1247 696 ornavit

966 710 1195 751 inimicumque
1223 710 1359 750 expulit.

178 790 197 822 6
214 797 243 821 a.
271 788 296 821 O
321 789 412 830 virgo
439 788 629 829 clarissima,
879 788 938 822 6b.
966 788 1033 827 Quo
1059 791 1155 831 caste,
1182 788 1277 829 iuste,
1305 788 1359 828 pie

270 846 331 876 pro
353 835 447 869 nobis
473 845 541 875 ora,
964 836 1110 868 vivamus
1135 845 1215 868 aevo

273 893 355 924 quae
378 886 470 916 tanta
966 884 999 915 in
1026 884 1099 925 isto,

271 932 427 964 astrueris
967 934 1004 963 ut
1026 932 1158 973 purgati

182 1058 244 1090 7a.

186 1183 244 1215 Sa.

275 981 374 1012 laude
394 988 454 1019 per
479 980 619 1020 saecula,

270 1057 322 1089 Ab
349 1057 441 1089 hoste
466 1056 672 1096 quadruplici

271 1105 421 1146 precibus
446 1113 504 1136 nos
530 1104 645 1147 libera,

271 1182 331 1221 Qui
353 1182 387 1213 in
413 1184 445 1212 te
472 1185 615 1224 sperant,

273 1238 314 1261 ne
343 1230 484 1270 deseras,

187 1356 247 1388 9a.
275 1355 425 1396 Tuosque
451 1355 567 1393 salves,

273 1412 376 1445 regas,
403 1401 572 1435 confirmes
582 1413 590 1443 3

880 1056 939 1089 7b.

882 1182 942 1216 8b.

883 1356 943 1389 9b.

967 980 1143 1011 reddamur
1168 979 1317 1013 Domino.

966 1055 1020 1086 Ad
1045 1055 1149 1087 Deum
1175 1055 1379 1096 septemplici

969 1112 1100 1135 munere
1123 1113 1182 1136 nos
1208 1106 1333 1143 vegeta.

967 1182 999 1213 A
1023 1181 1117 1213 malis
1142 1180 1264 1213 cunctis

971 1229 1090 1269 eripias

968 1277 1007 1309 in
1029 1277 1240 1310 ‘miraculum-

972 1353 1126 1388 Celebres
1151 1356 1273 1387 micent

969 1403 1025 1435 hic
1050 1406 1083 1434 et
1104 1404 1138 1435 in
1164 1412 1278 1436 aevum

971 1451 1177 1496 claritudine,

253 1525 340 1553 Grad.
362 1534 415 1553 ms.
438 1525 467 1554 S.
481 1526 564 1554 Petri
577 1526 720 1554 Patavini
740 1535 817 1555 saec.
845 1526 889 1555 15.
910 1529 951 1555 in.
988 1527 1059 1554 Cod.
1075 1527 1171 1564 Capit.
1186 1528 1325 1556 Patavin.
1341 1529 1367 1557 A
1381 1527 1419 1557 20
1427 1528 1453 1557 ⁹⁸.
1474 1545 1513 1551 —«

175 1562 229 1600 22,
246 1563 260 1592 1
278 1564 317 1591 Et
330 1566 452 1592 cunctis.
474 1580 512 1583 —
533 1563 585 1599 21),
600 1563 618 1593 3
632 1566 760 1601 pervicit
776 1577 816 1587 =
828 1567 949 1594 vincere
962 1566 1041 1594 fecit.
1064 1581 1099 1584 —
1121 1564 1173 1600 3a,
1187 1565 1207 1594 4
1220 1566 1345 1595 Iustina.
1367 1583 1405 1588 —
1426 1566 1478 1603 3b‚
1494 1567 1515 1597 4

174 1604 358 1636 nominator;
385 1605 418 1631 in
447 1603 498 1631 der
517 1604 648 1632 Melodie
677 1604 842 1640 entspricht
871 1602 1060 1641 ,‚nominata“
1090 1604 1154 1632 dem
1175 1606 1514 1642 gegeniiberstehenden

178 1637 370 1677 „Iustinam‘ss
392 1642 569 1678 verdoppelt
589 1643 660 1670 aber
681 1642 729 1670 die
750 1646 828 1671 erste
848 1644 933 1672 Note.
956 1658 992 1662 —
1015 1640 1068 1676 3b,
1091 1642 1108 1670 5
1135 1645 1285 1672 immerita
1303 1645 1514 1675 hier=inn0-

177 1688 256 1707 cens.
282 1695 320 1699 —
341 1679 395 1716 512,
417 1679 432 1707 1
453 1681 564 1709 Patavi
598 1697 634 1701 —
654 1681 707 1715 Ἡ),
728 1679 748 1708 2
767 1685 895 1717 vegetat.
919 1696 956 1702 —
975 1680 1028 1715 8212
1051 1680 1066 1709 1
1090 1685 1199 1718 sperat..
1222 1697 1259 1702 --
1279 1683 1364 1712 Ohne
1383 1685 1516 1714 Melodie

176 1718 289 1746 ktinnte
309 1728 379 1747 man
399 1721 522 1756 geneigt
540 1722 618 1755 sein,
646 1721 695 1748 die
713 1721 860 1748 Klauseln
880 1719 899 1749 8
920 1731 949 1749 u.
971 1719 988 1748 9
1010 1720 1117 1748 anders
1139 1731 1178 1749 zu
1196 1723 1393 1758 gruppiereu,
1416 1724 1515 1753 zumal

175 1757 214 1785 da
233 1755 287 1790 91),
309 1755 327 1786 3
347 1767 376 1785 u.
398 1756 450 1792 91),
473 1755 491 1786 3
516 1759 615 1794 gleich
639 1758 718 1787 vicle
739 1759 844 1787 Silben
868 1760 982 1795 haben3
1010 1761 1043 1787 in
1068 1759 1120 1787 der
1141 1759 1273 1788 Melodie
1297 1762 1365 1789 sind
1386 1764 1430 1791 sie
1450 1773 1516 1792 ver-

177 1795 317 1824 schieden
336 1797 397 1824 und
418 1797 582 1834 verlangen
603 1798 653 1826 die
672 1798 846 1834 vorgeleg-te
867 1799 1058 1835 Gliederung.

639 1911 707 1942 222.
740 1911 784 1943 De
805 1913 915 1943 sancto
935 1912 1041 1943 Ivone.

190 1991 250 2023 la.
277 1991 509 2023 Laetabundus
884 1993 944 2026 lb.
972 1992 1027 2024 Sol
1055 1994 1217 2026 secundus

275 2039 465 2071 Moduletur
489 2040 590 2072 melos
615 2040 765 2081 mundum,
971 2041 1094 2073 Mundo
1121 2043 1218 2075 micat
1244 2043 1327 2076 mire
1351 2047 1502 2087 mundus,

322 2087 477 2121 Alleluia.
1023 2089 1116 2123 Vitae
1142 2092 1205 2133 via,

186 2163 249 2197 2a.
277 2164 355 2205 Quo‚
385 2164 435 2196 cui
459 2165 531 2196 laus
555 2167 725 2205 promitur,
885 2167 946 2199 2b.
973 2166 1046 2199 Non
1075 2168 1222 2208 eclipsim
1248 2170 1384 2212 patitur,

274 2212 446 2244 Britannia
466 2213 611 2245 nascitur

323 2260 379 2293 Sol
405 2260 445 2292 de
471 2261 579 2294 stella.

972 2214 1065 2247 Nitet
1090 2220 1123 2248 et
1146 2216 1332 2249 immittitur

1023 2263 1137 2296 Carnis
1163 2264 1261 2298 bella.

188 2338 246 2371 Sa.
273 2337 320 2370 Ut
343 2338 392 2370 sol
417 2337 700 2379 hemisphaerium,
885 2341 944 2374 313,

275 2386 412 2419 Lustrat
438 2386 532 2418 clima
556 2387 698 2427 patrium

324 2435 399 2468 Pari
425 2433 550 2475 forma3

971 2341 1035 2373 Per
1061 2341 1189 2373 virtutis
1214 2341 1344 2374 radium

971 2389 1079 2428 Fugat
1102 2389 1204 2421 nubes
1231 2390 1379 2424 cordium

1019 2436 1116 2469 Vitae
1140 2446 1263 2470 norma.
