1656 2690
659 109 920 145 -256—

473 211 506 243 9.
533 208 732 248 Sebastiam,

530 256 628 290 Miles
655 255 840 298 christiane,

531 304 596 338 Per
621 306 654 335 te
679 307 810 336 nostrae
835 303 902 336 sint
927 303 1054 336 animae
1079 311 1188 343 sanae,

532 352 675 393 Vespere
700 356 733 385 et
757 361 850 385 mane

532 400 600 434 Nos
626 403 760 441 protege
788 402 820 432 et
845 409 865 432 a
887 403 988 442 peste,

580 451 640 483 Pie
665 448 865 482 Sebastiano.

203 518 328 546 Missale
341 517 563 545 VVormat-iense
582 517 652 552 imp.
669 525 691 544 s.
707 516 727 543 l.
744 519 773 544 et
787 524 813 543 a.
826 513 932 552 (1522).
952 531 992 535 -—
1007 514 1060 551 4³0,
1076 513 1095 543 3
1114 514 1176 543 und
1191 514 1208 543 5
1223 514 1403 551 umgestellt.
1422 526 1461 532 -

127 555 213 585 Mola
244 555 322 584 Ave
343 556 536 592 praeclara
557 556 668 583 maris
690 554 820 589 stella,
843 554 894 583 der
915 555 979 583 sich
1000 554 1051 582 der
1065 555 1142 583 Text
1158 554 1247 582 &fters
1262 552 1396 581 schlecht
1411 560 1462 579 ant

126 594 214 631 pelet,
236 603 283 623 am
304 594 529 630 schlechtesten,
549 595 607 622 wie
628 594 824 630 gewiihnheh,
849 594 879 622 in
900 594 960 622 Str.
982 592 1008 622 5.

564 687 632 720 296.
662 688 705 720 De
727 688 837 721 sancto
860 687 1058 720 Sebastiano.

139 761 198 793 la.
225 760 330 793 Adest
359 760 427 792 dies
454 759 591 792 celebris
837 759 895 793 1b.
924 759 984 799 Qui
1011 758 1203 799 contemptis
1227 758 1325 791 idolis

225 808 421 848 sebastiani,
449 807 574 840 crebris
920 807 1032 841 Bonae
1057 816 1137 848 puer
1161 806 1283 840 indolis

272 857 481 890 Intendamus
508 856 670 898 laudibus,
971 857 1097 890 Claruit
1122 854 1306 888 virtutibus,

139 928 200 959 2a.
228 924 356 958 Nobilis
382 925 555 965 prosapiae
833 923 893 959 2b.
920 923 1106 957 Transtulit
1131 923 1266 954 emerita

224 972 448 1006 Narbonensis
473 972 602 1013 patriae
920 971 1045 1005 Militia
1071 973 1104 1003 et
1128 972 1196 1003 vita

273 1020 426 1053 Sanctum
452 1020 677 1054 Sebastianum
973 1019 1070 1053 Clara
1095 1018 1330 1051 Mediolanum.

144 1091 199 1123 3a.
229 1088 445 1123 Christianum
474 1087 618 1129 militem,
834 1088 892 1122 3b.
919 1086 1065 1129 Tegebat
1089 1086 1148 1118 sub
1176 1085 1358 1127 chlamyde,

227 1136 347 1170 Christi
374 1145 511 1176 sequens
532 1137 705 1179 tramitem,
919 1136 1051 1178 Pugnae
1077 1143 1195 1168 vacans
1221 1134 1350 1167 fervide

273 1184 413 1217 Militari
970 1183 1147 1217 Saeculari.

139 1255 200 1286 4a.
227 1252 292 1286 Hic
315 1253 349 1285 in
375 1252 461 1293 regis
489 1253 577 1284 curia
835 1252 896 1287 4b,
924 1250 1073 1286 Officium
1100 1251 1248 1284 sedulum

227 1300 377 1334 Praefuit
398 1301 561 1333 industria
925 1299 1052 1334 Christo
1081 1299 1160 1333 dans
1188 1302 1219 1331 et
1245 1299 1398 1338 pabulum

277 1349 404 1382 Ceteris
428 1349 628 1388 proceribus,
973 1348 1143 1381 Geminum
1169 1347 1379 1387 martyribus.

143 1418 202 1450 5a.
228 1416 365 1449 Sanctos
391 1415 453 1448 Dei
479 1415 599 1447 milites
839 1416 897 1450 sb.
920 1417 1081 1449 Immensc
1107 1416 1285 1447 certamine

275 1465 424 1497 Marcum
451 1466 483 1495 et
506 1462 763 1503 Marcellianum,
970 1464 1217 1496 Tormentorum
1244 1461 1397 1505 fatigatos

230 1513 382 1546 Potentes
409 1513 440 1542 et
468 1511 584 1544 divites
925 1511 1036 1545 Firmo
1063 1512 1281 1544 consolamine

278 1559 799 1597 Secundumstatummundauum,
969 1560 1054 1592 Fide
1079 1559 1159 1592 fecit
1183 1560 1364 1593 roboratos.

141 1630 160 1661 6
172 1638 201 1661 a.
228 1628 535 1668 Huiccontemptum
542 1629 774 1660 mundanorum
837 1627 894 1662 6b.
922 1628 1029 1660 Adest
1041 1627 1199 1667 ChristuS,
1216 1636 1274 1659 rex
1289 1628 1463 1670 caelorum,

230 1675 437 1709 Praedicanti
463 1684 662 1717 paganorum
924 1676 1030 1710 Ghoro
1057 1680 1189 1715 saeptus
1215 1676 1403 1716 augelorum

277 1724 392 1758 Coram
421 1724 629 1758 multitudine
974 1724 1020 1757 Et
1045 1723 1176 1757 caelesti
1201 1724 1332 1758 lumine.

146 1794 164 1825 7
178 1803 207 1826 a.
236 1792 332 1825 Hunc
356 1795 393 1825 ut
414 1792 477 1825 sibi
502 1791 713 1825 confoederet
840 1793 900 1827 713.
927 1793 1002 1833 Zoe,
1029 1801 1127 1833 quam
1153 1793 1262 1834 gravis
1287 1791 1414 1826 fecerat

281 1841 397 1874 Osculo
423 1842 514 1881 pacis
540 1841 654 1881 allicit,
976 1839 1155 1885 Infirmitas
1178 1849 1249 1873 esse
1274 1843 1406 1882 mutam,

230 1889 276 1922 Et
299 1890 428 1931 librum,
454 1891 488 1922 in
514 1899 576 1930 quo
602 1890 735 1931 legeret,
930 1890 1073 1930 Angelus
1100 1889 1187 1921 visus
1215 1888 1354 1922 dederat

281 1938 425 1980 Angelus
451 1939 481 1970 ei
506 1937 625 1982 obicit,
976 1938 1026 1970 De
1050 1938 1162 1978 lingua
1181 1938 1340 1971 solvenda
1355 1941 1469 1971 tutam.

146 2007 206 2039 8a.
233 2006 326 2038 Tunc
348 2006 466 2039 indicit
492 2005 654 2038 silentium
841 2006 899 2040 8b.
926 2006 973 2039 Et
997 2009 1126 2038 sanctus
1153 2006 1282 2046 linguae
1307 2005 1421 2037 vitium

280 2054 381 2087 Manu
407 2054 676 2087 tumultuantibus
977 2055 1100 2095 Purgat
1126 2055 1192 2086 suis
1218 2054 1371 2095 precibus

330 2102 547 2147 Confidenter,
1025 2102 1216 2136 Evidenter.

149 2171 168 2203 9
181 2180 210 2203 a.
237 2170 331 2210 Quod
356 2173 470 2202 sanata
494 2170 547 2210 sit,
572 2170 707 2210 indicat,
843 2171 902 2205 ob.
930 2170 1023 2203 Tunc
1046 2171 1097 2202 vir
1123 2171 1192 2202 eius
1217 2169 1426 2203 Nicostratus

237 2219 316 2251 Cum
333 2218 446 2250 laudes
466 2218 588 2250 Christi
605 2219 773 2257 praedicat
932 2218 1067 2251 Veniam
1094 2218 1176 2259 petit
1200 2219 1383 2257 prostratus

284 2265 331 2299 Et
352 2265 455 2298 sancti
483 2266 757 2309 constantissi1ne3
980 2266 1036 2298 Ad
1061 2269 1181 2298 terram
1208 2266 1424 2300 devotissime.

144 2336 188 2370 10
199 2345 228 2370 a.
239 2335 332 2367 Tunc
353 2332 540 2373 baptismali
565 2334 696 2366 lavacro
838 2334 922 2368 10¹0.
933 2334 1001 2366 Dat
1024 2333 1134 2374 pueris
1158 2333 1317 2377 ulceroso,

235 2382 390 2416 Abluitur
416 2379 505 2414 fonte
531 2390 624 2414 sacro
935 2381 1122 2422 Paralitico,
1149 2380 1283 2422 gibboso

288 2431 367 2465 Cum
393 2432 461 2463 tota
486 2429 619 2463 familia.
983 2429 1056 2465 Duo
1084 2429 1250 2466 beneficia.
