1656 2690
734 139 996 175 —276—

211 238 271 271 3a.
297 237 357 277 Qui
384 236 493 269 divino
516 236 591 276 igne

294 293 466 317 succensus

294 332 396 366 vincis
420 334 590 375 tormenta,

205 403 267 435 43.
294 401 364 433 Tua
388 408 487 441 prece

205 517 266 550 5a.

291 448 423 481 assidua

291 516 337 549 Et
360 519 467 548 tecum
492 515 582 548 socia

903 237 964 271 3b.
990 237 1112 270 Amore
1137 239 1271 279 spiritus

898 401 960 434 4b.

898 514 957 549 5b.

987 286 1159 326 possidens

988 343 1079 366 arma
1103 333 1212 367 fortia.

987 401 1109 434 Nostra
1135 402 1209 435 dele

985 448 1141 483 facinora,

985 516 1024 548 In
1049 526 1125 548 arce
1149 526 1268 558 supera

578 583 608 615 6.
636 581 715 623 Nos,
741 584 866 623 martyr
891 581 1058 622 probeque

633 630 744 665 levita.

266 709 350 736 Mim.
370 717 424 735 ms.
446 708 475 736 b.
496 707 644 743 Amulphi
662 707 772 735 Meten.
794 715 871 734 saec.
890 704 935 734 14.
968 705 1039 734 Cod.
1058 706 1168 734 Meten.
1189 704 1237 734 42.
1251 706 1286 734 A.
1307 722 1346 727 —-
1364 708 1449 736 Miss.
1464 717 1518 736 ms.

191 747 220 775 S.
241 747 387 782 Arnulphi
406 747 515 774 Meten.
538 747 609 774 anni
631 743 715 774 1321.
757 745 827 773 Cod.
847 745 957 773 Meten.
981 742 1044 773 133.
1069 745 1100 772 Β.
1121 760 1160 764 -
1179 745 1265 773 Miss.
1285 746 1429 775 Tussense
1449 748 1521 783 imp.

189 785 282 813 Tullii
305 784 387 813 1551.
409 784 440 812 C.
462 801 474 805 —

197 980 256 1011 la.

194 1152 252 1185 2a.

191 1325 251 1357 3a.

187 1500 250 1531 4a.

186 1673 245 1703 531.

184 1845 243 1877 6a.

182 2018 240 2051 7a.

179 2192 240 2224 8a.

177 2366 237 2398 9a.

519 784 603 812 Mela
624 784 835 812 Inviolata.

617 896 683 927 322.
716 896 758 927 Dc
778 897 887 927 sancto
908 896 1085 928 Vincentio.

283 978 494 1017 Deponentes
520 986 614 1010 omne
638 978 793 1009 maestum

284 1025 491 1058 celebremus
518 1025 601 1056 diem
628 1023 746 1056 festum

328 1073 422 1106 Beati
446 1072 617 1114 vincentii,

278 1150 353 1182 Hac
374 1150 409 1182 in
437 1150 490 1182 die
516 1150 557 1182 de
580 1148 730 1191 profano,

277 1198 328 1230 De
355 1199 478 1230 crudeli
501 1198 647 1231 Daciano

326 1247 477 1287 Adeptus
503 1246 683 1288 victoriam,

279 1324 411 1357 Caelum
435 1323 561 1355 intrans
587 1324 774 1364 angelorum

278 1371 461 1404 Laetiorem
490 1371 601 1403 reddit
626 1372 758 1404 chorum

326 1419 443 1452 Odoris
468 1418 654 1462 fraglantia,

277 1497 368 1529 Bona
393 1496 522 1529 calcans
547 1495 640 1528 huius
665 1497 753 1529 vitae

277 1545 419 1577 Gloriosi
443 1552 533 1576 mens
558 1544 678 1577 levitae

322 1594 447 1626 Futura
472 1593 698 1634 praesentibus

274 1670 421 1710 Namque
445 1668 531 1701 fame
555 1672 747 1710 maceratur,

273 1718 387 1761 Ferro,
414 1716 524 1758 flagris
549 1718 722 1758 laceratur,

319 1766 381 1798 Est
403 1766 538 1798 adustus
564 1765 690 1805 faculis,

272 1843 337 1877 Ubi
364 1843 633 1876 descendentibus

270 1891 425 1932 Supernis
451 1891 619 1932 spiritibus

319 1940 389 1972 Lux
414 1940 527 1980 ingens
554 1939 715 1982 apparuit,

268 2017 438 2049 'l'estarum
462 2017 621 2057 asperitas

266 2064 323 2096 Fit
346 2063 460 2097 florum
487 2064 638 2108 suavitas,

317 2113 441 2145 Vernat
464 2121 575 2145 carcer
598 2111 743 2155 floribus,

268 2190 321 2222 Ad
346 2192 517 2230 tyrannum
543 2192 731 2231 properant,

266 2238 420 2278 Narrant,
456 2238 613 2278 quidquid
641 2238 800 2279 viderant,

313 2286 457 2319 Ministri
481 2286 658 2326 nequitiae:

263 2364 379 2403 Audit,
408 2363 506 2403 dolet,
532 2363 730 2405 indignatur,

265 2413 420 2452 Emendat,
450 2410 537 2452 furit,
566 2413 729 2445 cruciatur

312 2461 481 2494 Crueiator
504 2461 634 2502 impius,

889 976 948 1011 lb.

887 1149 946 1183 21).

884 1323 943 1356 310.

880 1495 942 1528 4b.

879 1668 939 1702 5b.

876 1842 935 1878 6b.

875 2016 934 2051 7b.

871 2190 931 2224 8b.

873 2364 933 2398 9b.

973 977 1071 1009 Miles
1096 978 1182 1018 regis
1208 978 1398 1018 sempiterni

974 1025 1077 1057 Nobis
1104 1028 1212 1058 exstat
1235 1026 1385 1058 hodierni

1024 1072 1127 1106 Causa
1152 1082 1265 1106 recens
1290 1075 1412 1115 gaudii.

975 1150 1059 1182 Dum
1092 1151 1224 1192 deponit
1252 1152 1358 1184 carnis
1385 1153 1512 1196 molem,

973 1199 1028 1231 Ad
1055 1199 1231 1231 videndum
1257 1209 1368 1232 verum
1393 1201 1493 1233 solem

1022 1247 1131 1280 Intrat
1156 1248 1237 1280 caeli
1264 1249 1396 1282 curiam.

969 1324 1024 1356 Ad
1050 1324 1159 1356 odoris
1184 1325 1361 1358 novitatem

971 1372 1199 1413 Virtutumque
1228 1376 1427 1406 venustatem

1017 1420 1101 1452 Tota
1126 1424 1236 1461 stupet
1262 1422 1362 1455 curia.

968 1497 1134 1529 Antetulit
1158 1506 1220 1529 nec
1243 1499 1413 1531 tormentis

970 1543 1077 1576 Cessit
1100 1545 1203 1578 hostis
1228 1547 1402 1580 saevientis

1014 1592 1129 1625 Multis
1155 1597 1188 1626 et
1212 1595 1386 1628 atrocibus.

966 1669 1026 1702 Est
1052 1680 1073 1702 a
1096 1674 1193 1711 gente
1217 1671 1347 1705 bestiali

964 1718 1052 1750 Loco
1079 1719 1207 1752 clausus
1234 1722 1391 1753 carcerali

1014 1767 1224 1808 Superiectus
1249 1770 1388 1802 testulis.

962 1844 1051 1883 Quae
1074 1845 1179 1877 locum
1203 1845 1391 1879 illuminans

961 1892 1007 1924 Et
1030 1896 1158 1924 noctem
1183 1893 1352 1927 eliminans

1011 1940 1169 1973 Custodes
1193 1943 1382 1981 perterruit.

961 2016 1034 2048 Non
1060 2026 1182 2059 carcer,
1206 2018 1265 2051 sed
1291 2028 1420 2053 camera

958 2064 1084 2107 Dulcis,
1111 2065 1287 2109 odorifera,

1006 2113 1114 2154 Digna
1140 2115 1220 2147 caeli
1245 2117 1380 2152 civibus,

958 2191 1055 2224 Lucis
1081 2193 1345 2233 magnitudinem,

957 2239 1091 2272 Florum
1114 2241 1401 2285 pulchritudinem,

1007 2287 1179 2320 Senatores
1205 2290 1325 2323 curiae.

961 2365 1076 2397 Statim
1102 2366 1193 2398 iubet
1216 2368 1309 2400 illum
1334 2371 1407 2403 tolli

957 2413 1000 2445 Et
1027 2415 1138 2454 reponi
1166 2415 1250 2448 lecto
1277 2419 1366 2450 molli

1004 2462 1128 2495 Malum
1153 2473 1273 2504 parans
1298 2469 1441 2508 gravius.
