1656 2690
727 122 992 159 —231-

633 221 688 255 10.
715 220 849 266 Refove‚
877 222 1027 266 petimus,

715 270 820 302 salute
844 273 978 303 aeterna

715 321 748 350 et
774 327 940 353 conserva.

272 400 356 430 offic.
386 412 441 431 ms.
464 402 493 430 S.
514 403 615 432 Mauri
643 413 718 433 saec.
744 403 787 432 12.
810 415 855 434 ex.
878 405 949 433 God.
970 405 1183 441 Petroburgen.
1205 406 1230 434 F
1249 405 1265 432 1
1286 402 1331 432 27.
1357 419 1389 423 —-
1411 405 1531 432 Daraus

193 440 302 469 Gillert
329 442 361 468 in
386 442 524 479 Briegers
554 443 681 471 Zeitsch.
708 444 728 471 f.
748 444 981 480 Kirchengesch.
1003 445 1056 479 IV,
1082 442 1147 472 610.
1188 444 1231 472 Er
1251 443 1400 472 bemerkt:
1424 442 1534 480 „Diese

194 478 331 517 Sequenz
356 481 398 508 ist
426 480 512 509 nieht
531 490 564 510 so
586 482 777 519 regelmassig
797 485 854 511 wie
875 482 923 511 die
943 483 1186 520 vorhergehende
1206 481 1343 519 gebaut.“

1388 482 1440 510 Sie
1458 481 1535 518 folgt

193 518 262 546 sehr
282 519 474 557 regelmiissig
502 520 554 548 der
575 523 665 549 etwas
687 521 958 558 unregelm'arsigen
978 521 1185 551 Notkerschen
1206 521 1336 550 Melodie
1358 520 1531 558 Captiva.

193 557 261 594 Vgl.
283 557 459 595 Schnbiger,
482 558 702 596 sangersohule
714 560 786 588 Mel.
807 559 854 589 20.
875 575 915 579 —
933 559 987 595 Ἡ),
1004 559 1020 588 1
1041 560 1179 590 Contulit
1190 560 1385 596 caecogenita
1393 558 1532 596 (Grfflert).

207 792 265 824 Ia.

203 966 265 998 2a.

203 1140 266 1172 Sa.

201 1315 263 1348 4a.

203 1491 262 1522 5a.

201 1665 259 1698 6a.

200 1890 262 1923 7a.

199 2069 259 2102 8a.

195 2247 258 2279 9a.

635 702 701 734 265.
732 702 777 734 De
798 701 906 734 sancto
926 701 1091 734 Michaele.

292 791 512 826 Decantemus
538 793 779 834 congaudentes

293 839 473 873 Pretiosam
499 841 679 873 recolentes

339 889 538 930 Angelorum
565 890 714 931 gloriam,

294 964 399 1005 Super
425 974 552 998 omnem
578 971 758 999 creaturam

292 1012 413 1047 Rector
438 1013 520 1047 fecit
544 1015 629 1047 hanc
654 1018 804 1048 naturam

341 1062 463 1095 Rerum
489 1063 530 1095 ab
558 1064 711 1104 exordi03

293 1139 339 1171 Hi
363 1140 552 1173 ministrant
577 1141 701 1183 deitati,

294 1189 417 1221 Astant
441 1188 548 1221 trinae
573 1189 691 1222 unitati

339 1235 551 1270 Famulantes
578 1238 707 1280 iugiter,

291 1313 384 1346 Inter
402 1324 536 1355 quorum
555 1315 692 1356 hymnos
712 1316 833 1356 primus
873 1317 934 1350 4b.

289 1361 360 1405 Est,
381 1364 422 1396 ad
439 1363 546 1396 caelos
555 1372 615 1404 per
632 1372 724 1405 quem
739 1364 833 1406 imus,

337 1411 481 1444 Michael
509 1412 735 1455 archangelus,

291 1489 350 1529 Qui
377 1489 411 1522 in
440 1490 560 1530 templo
587 1494 699 1523 sancto
725 1490 788 1523 Dei
874 1490 934 1524 5b.

291 1537 357 1570 Sub
385 1537 487 1579 figura
514 1547 627 1571 sacrae
653 1539 700 1572 rei

338 1587 435 1620 quta
461 1596 552 1620 aram
579 1587 734 1628 cerneris,

289 1664 355 1697 Sed
380 1668 417 1697 ut
441 1667 528 1698 tecta
556 1665 749 1708 detegantur
871 1665 930 1699 eb.

287 1712 334 1745 Et
356 1713 391 1745 in
416 1714 521 1747 lucem
547 1715 771 1754 producantur

337 1762 431 1795 Haec
456 1771 551 1796 sacra
577 1763 752 1805 mysteria:

289 1890 427 1932 Aurum,
454 1890 488 1922 in
515 1898 577 1930 quo
595 1893 670 1923 sunt
687 1889 831 1933 incensa,
874 1892 892 1924 7
901 1890 933 1925 b.

288 1938 384 1972 Mens
405 1942 455 1971 est
471 1939 618 1980 prudens
633 1942 665 1971 et
679 1947 835 1973 succensa

337 1987 403 2020 Per
431 1987 576 2021 divinum
603 1987 774 2029 spiritum;

289 2067 410 2101 Servus
436 2075 548 2109 agens,
577 2067 667 2100 cuius
694 2075 751 2099 ore
873 2067 933 2101 Sb.

286 2115 390 2156 Rapis
416 2115 586 2158 praedam,
613 2115 651 2148 fit
676 2115 801 2148 honore

337 2164 515 2208 Insignitas
540 2164 686 2205 gemin03

284 2243 384 2285 Ergo,
413 2240 551 2285 signifer
575 2243 735 2284 polorum,
874 2243 936 2277 9b.

285 2293 345 2327 Pie
369 2293 525 2334 princeps
552 2292 751 2335 angelorum,

335 2341 410 2374 Duc
435 2342 478 2375 ad
506 2341 590 2374 caeli
615 2340 736 2383 gaudia

878 792 935 826 lb.

876 966 936 1000 2b.

875 1141 936 1175 3b.

963 792 1025 832 Qui
1050 792 1171 825 virtute
1198 792 1329 825 deitatis

962 841 1134 874 Intuentur
1160 840 1315 873 trinitatis

1010 888 1148 922 Unicam
1173 888 1399 922 substantiam.

964 966 1149 1007 Legislator
1173 968 1209 998 ut
1233 965 1391 1008 narravit,

961 1015 1007 1047 Hi
1032 1017 1108 1047 sunt
1129 1014 1222 1056 caeli,
1249 1023 1328 1054 quos
1356 1013 1479 1047 creavit

1010 1064 1099 1096 Deus
1124 1063 1158 1095 in
1183 1061 1358 1103 principio.

962 1142 1039 1174 Pias
1064 1141 1178 1173 laudes
1205 1141 1443 1182 depromentes,

964 1190 1082 1224 Omnes
1108 1189 1178 1222 Deo
1206 1191 1417 1222 decantantes

1011 1238 1160 1279 Sanctus,
1187 1238 1325 1271 Sanctus
1351 1238 1486 1278 pariter.

964 1317 1027 1349 Per
1052 1323 1146 1356 quem
1169 1315 1209 1348 ab
1229 1317 1379 1356 Aegypto
1397 1319 1503 1349 motus

960 1365 1016 1397 Ad
1041 1364 1235 1405 promissam
1261 1366 1382 1395 terram
1409 1367 1495 1397 totus

1010 1412 1125 1453 Pergit
1149 1412 1212 1445 Dei
1237 1412 1388 1453 populus,

961 1490 1058 1523 Stans
1075 1489 1242 1522 incensum
1251 1489 1375 1522 habens
1386 1490 1532 1533 multum,

961 1539 1074 1580 Vapor
1098 1538 1194 1571 huius
1218 1539 1273 1571 hic
1299 1538 1341 1571 ad
1368 1539 1492 1572 vultum

1009 1589 1118 1620 Areae
1142 1588 1217 1620 novi
1244 1585 1398 1621 foederis.

956 1664 1129 1708 Templum
1159 1668 1306 1698 sanctum
1334 1666 1428 1706 plebs
1455 1669 1505 1699 est

1270 1713 1411 1757 Christi3

960 1763 1040 1805 Ara,
1066 1762 1158 1795 iuxta
1182 1770 1278 1803 quam
1304 1761 1422 1808 fecisti,

1012 1811 1127 1845 Cordis
1154 1810 1369 1855 conscientia3

960 1889 1128 1924 Scandens
1155 1888 1262 1922 fumus
1287 1889 1492 1923 incensorum

962 1939 1042 1973 Piae
1068 1947 1183 1979 preces
1209 1941 1285 1971 sunt
1309 1938 1479 1981 iustorum,

1011 1988 1097 2028 Quos
1123 1986 1190 2020 fers
1216 1989 1291 2020 ante
1317 1987 1503 2022 Dominum.

960 2066 1071 2100 Plebis
1090 2066 1211 2099 Christi
1239 2074 1296 2100 001·
1313 2068 1346 2098 et
1363 2075 1503 2107 sensum,

961 2115 1144 2160 Templum,
1171 2124 1262 2148 aram
1289 2117 1322 2147 et
1338 2115 1505 2148 incensum

1010 2164 1114 2198 Offers
1140 2167 1244 2197 totum
1268 2163 1420 2200 Domino,

962 2243 1032 2277 Nos
1062 2243 1179 2276 devote
1205 2242 1407 2275 celebrantes

961 2292 1039 2325 Pias
1064 2291 1180 2326 laudes
1206 2294 1240 2324 et
1265 2292 1445 2332 psallentes

1010 2342 1082 2374 Tua
1107 2341 1302 2383 patrocinia.

267 2428 358 2458 Grad.
388 2438 441 2457 ms.
461 2429 653 2458 Franciscan.
675 2428 708 2456 in
729 2427 921 2464 Csiksomlyo
943 2436 1021 2456 saec.
1045 2424 1089 2455 15.
1132 2427 1204 2456 Ood.
1225 2428 1302 2455 Mus.
1324 2427 1461 2463 Hungar.
1481 2426 1534 2454 lat.

184 2467 212 2498 3.
234 2484 272 2489 ——
295 2465 349 2502 5b,
371 2466 390 2496 2
413 2468 485 2497 Lies
506 2468 609 2504 Vapor
628 2468 718 2496 huius
741 2465 849 2504 (cuius)
867 2467 894 2496 it
913 2467 951 2495 ad
970 2466 1107 2496 vultum?
1134 2482 1172 2487 ——
1193 2464 1247 2501 8a,
1264 2464 1279 2493 1
1306 2465 1410 2494 Sei-nis
1433 2474 1532 2502 agens.
