<?xml version="1.0" encoding="UTF-8"?>
<!DOCTYPE html PUBLIC "-//W3C//DTD XHTML 1.0 Transitional//EN"
    "http://www.w3.org/TR/xhtml1/DTD/xhtml1-transitional.dtd">
<html xmlns="http://www.w3.org/1999/xhtml" xml:lang="en" lang="en">
 <head>
  <title>
</title>
<meta http-equiv="Content-Type" content="text/html;charset=utf-8" />
  <meta name='ocr-system' content='tesseract 3.04.00' />
  <meta name='ocr-capabilities' content='ocr_page ocr_carea ocr_par ocr_line ocrx_word'/>
</head>
<body>
  <div class='ocr_page' id='page_1' title='image "./analectahymnica37drevuoft_00177.png"; bbox 0 0 1656 2690; ppageno 0'>
   <div class='ocr_carea' id='block_1_1' title="bbox 635 114 896 150">
    <p class='ocr_par' dir='ltr' id='par_1_1' title="bbox 635 114 896 150">
     <span class='ocr_line' id='line_1_1' title="bbox 635 114 896 150; baseline 0 0"><span class='ocrx_word' id='word_1_1' title='bbox 635 114 896 150; x_wconf 80' lang='lat'>—174—</span> 
     </span>
    </p>
   </div>
   <div class='ocr_carea' id='block_1_2' title="bbox 105 212 1434 2029">
    <p class='ocr_par' dir='ltr' id='par_1_2' title="bbox 123 212 1425 351">
     <span class='ocr_line' id='line_1_2' title="bbox 123 212 1425 254; baseline -0.004 -7"><span class='ocrx_word' id='word_1_2' title='bbox 123 216 182 247; x_wconf 70' lang='lat'>72.</span> <span class='ocrx_word' id='word_1_3' title='bbox 209 214 335 254; x_wconf 82' lang='lat' dir='ltr'>Regnat</span> <span class='ocrx_word' id='word_1_4' title='bbox 360 213 490 245; x_wconf 87' lang='lat' dir='ltr'>tandem</span> <span class='ocrx_word' id='word_1_5' title='bbox 519 214 572 253; x_wconf 86' lang='lat' dir='ltr'>qui</span> <span class='ocrx_word' id='word_1_6' title='bbox 597 212 727 254; x_wconf 83' lang='lat' dir='ltr'>profani</span> <span class='ocrx_word' id='word_1_7' title='bbox 821 212 881 247; x_wconf 83' lang='lat' dir='ltr'>7b.</span> <span class='ocrx_word' id='word_1_8' title='bbox 908 213 1007 253; x_wconf 81' lang='lat' dir='ltr'>Rapit</span> <span class='ocrx_word' id='word_1_9' title='bbox 1034 214 1123 245; x_wconf 85' lang='lat' dir='ltr'>euius</span> <span class='ocrx_word' id='word_1_10' title='bbox 1150 214 1286 246; x_wconf 84' lang='lat' dir='ltr'>daemon</span> <span class='ocrx_word' id='word_1_11' title='bbox 1304 213 1425 253; x_wconf 80' lang='lat' dir='ltr'>natam,</span> 
     </span>
     <span class='ocr_line' id='line_1_3' title="bbox 212 260 1330 305; baseline -0.004 -10"><span class='ocrx_word' id='word_1_12' title='bbox 212 263 363 295; x_wconf 84' lang='lat' dir='ltr'>Iovianus</span> <span class='ocrx_word' id='word_1_13' title='bbox 389 261 508 295; x_wconf 91' lang='lat' dir='ltr'>Iuliani</span> <span class='ocrx_word' id='word_1_14' title='bbox 907 262 1043 305; x_wconf 77' lang='lat' dir='ltr'><strong>Lugent,</strong></span> <span class='ocrx_word' id='word_1_15' title='bbox 1074 261 1150 302; x_wconf 86' lang='lat' dir='ltr'>quia</span> <span class='ocrx_word' id='word_1_16' title='bbox 1174 260 1330 293; x_wconf 85' lang='lat' dir='ltr'>laniatam</span> 
     </span>
     <span class='ocr_line' id='line_1_4' title="bbox 212 307 1402 351; baseline -0.003 -9"><span class='ocrx_word' id='word_1_17' title='bbox 212 309 329 350; x_wconf 80' lang='lat' dir='ltr'>Legem</span> <span class='ocrx_word' id='word_1_18' title='bbox 353 310 491 351; x_wconf 81' lang='lat' dir='ltr'>spernit,</span> <span class='ocrx_word' id='word_1_19' title='bbox 523 308 632 341; x_wconf 84' lang='lat' dir='ltr'>firmat</span> <span class='ocrx_word' id='word_1_20' title='bbox 656 309 729 341; x_wconf 75' lang='lat' dir='ltr'>sani</span> <span class='ocrx_word' id='word_1_21' title='bbox 906 309 991 342; x_wconf 79' lang='lat' dir='ltr'>Eam</span> <span class='ocrx_word' id='word_1_22' title='bbox 1014 312 1153 342; x_wconf 74' lang='lat' dir='ltr'>cernunt</span> <span class='ocrx_word' id='word_1_23' title='bbox 1179 312 1212 341; x_wconf 83' lang='lat' dir='ltr'>et</span> <span class='ocrx_word' id='word_1_24' title='bbox 1235 307 1402 342; x_wconf 82' lang='lat' dir='ltr'>turbatam</span> 
     </span>
    </p>

    <p class='ocr_par' dir='ltr' id='par_1_3' title="bbox 263 357 1248 398">
     <span class='ocr_line' id='line_1_5' title="bbox 263 357 1248 398; baseline -0.002 -8"><span class='ocrx_word' id='word_1_25' title='bbox 263 357 393 390; x_wconf 78' lang='lat' dir='ltr'>statuta</span> <span class='ocrx_word' id='word_1_26' title='bbox 420 357 559 398; x_wconf 85' lang='lat' dir='ltr'>concilii,</span> <span class='ocrx_word' id='word_1_27' title='bbox 956 357 1081 390; x_wconf 82' lang='lat' dir='ltr'>Milites</span> <span class='ocrx_word' id='word_1_28' title='bbox 1105 357 1248 397; x_wconf 88' lang='lat' dir='ltr'>imperii.</span> 
     </span>
    </p>

    <p class='ocr_par' dir='ltr' id='par_1_4' title="bbox 127 432 1416 573">
     <span class='ocr_line' id='line_1_6' title="bbox 127 432 1416 475; baseline -0.004 -7"><span class='ocrx_word' id='word_1_29' title='bbox 127 437 186 469; x_wconf 78' lang='lat' dir='ltr'>Sa.</span> <span class='ocrx_word' id='word_1_30' title='bbox 215 436 398 475; x_wconf 86' lang='lat' dir='ltr'>Imperator</span> <span class='ocrx_word' id='word_1_31' title='bbox 425 437 660 475; x_wconf 86' lang='lat' dir='ltr'>consternatur,</span> <span class='ocrx_word' id='word_1_32' title='bbox 821 433 879 468; x_wconf 85' lang='lat' dir='ltr'>8b.</span> <span class='ocrx_word' id='word_1_33' title='bbox 907 435 993 467; x_wconf 93' lang='lat' dir='ltr'>Dum</span> <span class='ocrx_word' id='word_1_34' title='bbox 1017 436 1177 466; x_wconf 83' lang='lat' dir='ltr'>incassum</span> <span class='ocrx_word' id='word_1_35' title='bbox 1207 442 1283 466; x_wconf 84' lang='lat' dir='ltr'>cura</span> <span class='ocrx_word' id='word_1_36' title='bbox 1311 432 1416 475; x_wconf 84' lang='lat' dir='ltr'>datur,</span> 
     </span>
     <span class='ocr_line' id='line_1_7' title="bbox 211 482 1373 524; baseline -0.003 -8"><span class='ocrx_word' id='word_1_37' title='bbox 211 483 258 516; x_wconf 82' lang='lat' dir='ltr'>Et</span> <span class='ocrx_word' id='word_1_38' title='bbox 281 483 394 524; x_wconf 84' lang='lat' dir='ltr'>regina</span> <span class='ocrx_word' id='word_1_39' title='bbox 422 483 645 523; x_wconf 80' lang='lat' dir='ltr'>eontristatur‚</span> <span class='ocrx_word' id='word_1_40' title='bbox 908 482 985 515; x_wconf 81' lang='lat' dir='ltr'>Sola</span> <span class='ocrx_word' id='word_1_41' title='bbox 1010 482 1146 515; x_wconf 86' lang='lat' dir='ltr'>daemon</span> <span class='ocrx_word' id='word_1_42' title='bbox 1172 484 1373 523; x_wconf 73' lang='lat' dir='ltr'>protestatur</span> 
     </span>
     <span class='ocr_line' id='line_1_8' title="bbox 214 530 1359 573; baseline -0.003 -9"><span class='ocrx_word' id='word_1_43' title='bbox 214 532 284 572; x_wconf 85' lang='lat' dir='ltr'>Ope</span> <span class='ocrx_word' id='word_1_44' title='bbox 309 531 383 572; x_wconf 85' lang='lat' dir='ltr'>quia</span> <span class='ocrx_word' id='word_1_45' title='bbox 409 540 473 563; x_wconf 89' lang='lat' dir='ltr'>non</span> <span class='ocrx_word' id='word_1_46' title='bbox 500 534 632 564; x_wconf 85' lang='lat' dir='ltr'>curatur</span> <span class='ocrx_word' id='word_1_47' title='bbox 909 530 1116 573; x_wconf 74' lang='lat' dir='ltr'>Mutinensis,</span> <span class='ocrx_word' id='word_1_48' title='bbox 1144 534 1180 562; x_wconf 92' lang='lat' dir='ltr'>ut</span> <span class='ocrx_word' id='word_1_49' title='bbox 1205 530 1359 572; x_wconf 80' lang='lat' dir='ltr'>pellatur,</span> 
     </span>
    </p>

    <p class='ocr_par' dir='ltr' id='par_1_5' title="bbox 259 578 1279 614">
     <span class='ocr_line' id='line_1_9' title="bbox 259 578 1279 614; baseline 0 -3"><span class='ocrx_word' id='word_1_50' title='bbox 259 580 464 613; x_wconf 81' lang='lat' dir='ltr'>Medicorum</span> <span class='ocrx_word' id='word_1_51' title='bbox 489 579 570 614; x_wconf 78' lang='lat' dir='ltr'>filia.</span> <span class='ocrx_word' id='word_1_52' title='bbox 954 579 1121 611; x_wconf 81' lang='lat' dir='ltr'>Praesulis</span> <span class='ocrx_word' id='word_1_53' title='bbox 1147 578 1279 612; x_wconf 76' lang='lat' dir='ltr'>auxilia.</span> 
     </span>
    </p>

    <p class='ocr_par' dir='ltr' id='par_1_6' title="bbox 125 655 1426 793">
     <span class='ocr_line' id='line_1_10' title="bbox 125 655 1322 695; baseline -0.003 -5"><span class='ocrx_word' id='word_1_54' title='bbox 125 658 186 690; x_wconf 80' lang='lat' dir='ltr'>9a.</span> <span class='ocrx_word' id='word_1_55' title='bbox 214 657 413 690; x_wconf 78' lang='lat' dir='ltr'>Catervatim</span> <span class='ocrx_word' id='word_1_56' title='bbox 439 657 595 689; x_wconf 85' lang='lat' dir='ltr'>destinati</span> <span class='ocrx_word' id='word_1_57' title='bbox 820 656 881 690; x_wconf 78' lang='grc'>91).</span> <span class='ocrx_word' id='word_1_58' title='bbox 909 655 1014 689; x_wconf 81' lang='lat' dir='ltr'>Causa</span> <span class='ocrx_word' id='word_1_59' title='bbox 1040 656 1114 688; x_wconf 86' lang='lat' dir='ltr'>viae</span> <span class='ocrx_word' id='word_1_60' title='bbox 1138 655 1322 695; x_wconf 79' lang='lat' dir='ltr'>praelibata</span> 
     </span>
     <span class='ocr_line' id='line_1_11' title="bbox 213 703 1426 746; baseline -0.003 -8"><span class='ocrx_word' id='word_1_61' title='bbox 213 706 308 738; x_wconf 84' lang='lat' dir='ltr'>Mare</span> <span class='ocrx_word' id='word_1_62' title='bbox 332 709 502 738; x_wconf 84' lang='lat' dir='ltr'>transeunt</span> <span class='ocrx_word' id='word_1_63' title='bbox 525 705 636 746; x_wconf 84' lang='lat' dir='ltr'>legati,</span> <span class='ocrx_word' id='word_1_64' title='bbox 907 704 972 737; x_wconf 86' lang='lat' dir='ltr'>Hic</span> <span class='ocrx_word' id='word_1_65' title='bbox 989 713 1048 744; x_wconf 90' lang='lat' dir='ltr'>per</span> <span class='ocrx_word' id='word_1_66' title='bbox 1066 704 1191 737; x_wconf 86' lang='lat' dir='ltr'>hostem</span> <span class='ocrx_word' id='word_1_67' title='bbox 1211 703 1291 736; x_wconf 80' lang='lat' dir='ltr'>haee</span> <span class='ocrx_word' id='word_1_68' title='bbox 1304 703 1426 736; x_wconf 83' lang='lat' dir='ltr'>minata</span> 
     </span>
     <span class='ocr_line' id='line_1_12' title="bbox 213 753 1366 793; baseline -0.003 -7"><span class='ocrx_word' id='word_1_69' title='bbox 213 753 262 786; x_wconf 85' lang='lat' dir='ltr'>Eo</span> <span class='ocrx_word' id='word_1_70' title='bbox 289 755 358 786; x_wconf 89' lang='lat' dir='ltr'>viso</span> <span class='ocrx_word' id='word_1_71' title='bbox 384 756 460 786; x_wconf 87' lang='lat' dir='ltr'>sunt</span> <span class='ocrx_word' id='word_1_72' title='bbox 482 754 607 790; x_wconf 84' lang='lat' dir='ltr'>laetati,</span> <span class='ocrx_word' id='word_1_73' title='bbox 909 753 1022 785; x_wconf 80' lang='lat' dir='ltr'>Nescit</span> <span class='ocrx_word' id='word_1_74' title='bbox 1049 756 1147 793; x_wconf 87' lang='lat' dir='ltr'>atque</span> <span class='ocrx_word' id='word_1_75' title='bbox 1172 753 1366 792; x_wconf 85' lang='lat' dir='ltr'>praedicata</span> 
     </span>
    </p>

    <p class='ocr_par' dir='ltr' id='par_1_7' title="bbox 263 801 1404 843">
     <span class='ocr_line' id='line_1_13' title="bbox 263 801 1404 843; baseline -0.001 -9"><span class='ocrx_word' id='word_1_76' title='bbox 263 801 362 841; x_wconf 79' lang='lat' dir='ltr'>Quem</span> <span class='ocrx_word' id='word_1_77' title='bbox 395 801 482 834; x_wconf 83' lang='lat' dir='ltr'>fama</span> <span class='ocrx_word' id='word_1_78' title='bbox 506 801 726 843; x_wconf 77' lang='lat' dir='ltr'>praedixerat.</span> <span class='ocrx_word' id='word_1_79' title='bbox 956 801 1056 833; x_wconf 90' lang='lat' dir='ltr'>Plebe</span> <span class='ocrx_word' id='word_1_80' title='bbox 1082 809 1211 833; x_wconf 86' lang='lat' dir='ltr'>cursum</span> <span class='ocrx_word' id='word_1_81' title='bbox 1236 802 1404 841; x_wconf 83' lang='lat' dir='ltr'>properat.</span> 
     </span>
    </p>

    <p class='ocr_par' dir='ltr' id='par_1_8' title="bbox 105 878 1373 1016">
     <span class='ocr_line' id='line_1_14' title="bbox 105 878 1317 920; baseline -0.002 -8"><span class='ocrx_word' id='word_1_82' title='bbox 105 880 148 912; x_wconf 85' lang='lat'>10</span> <span class='ocrx_word' id='word_1_83' title='bbox 160 888 186 911; x_wconf 87' lang='lat' dir='ltr'>a.</span> <span class='ocrx_word' id='word_1_84' title='bbox 217 878 298 910; x_wconf 87' lang='lat' dir='ltr'>Dum</span> <span class='ocrx_word' id='word_1_85' title='bbox 324 887 385 920; x_wconf 90' lang='lat' dir='ltr'>per</span> <span class='ocrx_word' id='word_1_86' title='bbox 409 887 499 910; x_wconf 88' lang='lat' dir='ltr'>mare</span> <span class='ocrx_word' id='word_1_87' title='bbox 524 879 704 919; x_wconf 83' lang='lat' dir='ltr'>navigatur,</span> <span class='ocrx_word' id='word_1_88' title='bbox 797 879 840 912; x_wconf 85' lang='lat'>10</span> <span class='ocrx_word' id='word_1_89' title='bbox 850 879 882 910; x_wconf 90' lang='lat' dir='ltr'>b.</span> <span class='ocrx_word' id='word_1_90' title='bbox 909 878 997 910; x_wconf 86' lang='lat' dir='ltr'>Aula</span> <span class='ocrx_word' id='word_1_91' title='bbox 1022 878 1109 918; x_wconf 82' lang='lat' dir='ltr'>regis</span> <span class='ocrx_word' id='word_1_92' title='bbox 1135 880 1317 919; x_wconf 84' lang='lat' dir='ltr'>coronatur,</span> 
     </span>
     <span class='ocr_line' id='line_1_15' title="bbox 216 925 1330 967; baseline -0.001 -9"><span class='ocrx_word' id='word_1_93' title='bbox 216 926 416 960; x_wconf 88' lang='lat' dir='ltr'>Daemonum</span> <span class='ocrx_word' id='word_1_94' title='bbox 443 927 476 958; x_wconf 88' lang='lat' dir='ltr'>vi</span> <span class='ocrx_word' id='word_1_95' title='bbox 500 925 711 967; x_wconf 87' lang='lat' dir='ltr'>perturbatur</span> <span class='ocrx_word' id='word_1_96' title='bbox 908 926 1065 966; x_wconf 83' lang='lat' dir='ltr'>Sospitati</span> <span class='ocrx_word' id='word_1_97' title='bbox 1092 935 1163 958; x_wconf 89' lang='lat' dir='ltr'>cum</span> <span class='ocrx_word' id='word_1_98' title='bbox 1190 926 1330 959; x_wconf 86' lang='lat' dir='ltr'>donatur</span> 
     </span>
     <span class='ocr_line' id='line_1_16' title="bbox 218 972 1373 1016; baseline -0.003 -9"><span class='ocrx_word' id='word_1_99' title='bbox 218 975 349 1016; x_wconf 84' lang='lat' dir='ltr'>Classis,</span> <span class='ocrx_word' id='word_1_100' title='bbox 379 976 473 1007; x_wconf 86' lang='lat' dir='ltr'>vento</span> <span class='ocrx_word' id='word_1_101' title='bbox 499 975 687 1014; x_wconf 87' lang='lat' dir='ltr'>imperatur,</span> <span class='ocrx_word' id='word_1_102' title='bbox 907 974 1005 1014; x_wconf 85' lang='lat' dir='ltr'>Regis</span> <span class='ocrx_word' id='word_1_103' title='bbox 1030 974 1151 1015; x_wconf 87' lang='lat' dir='ltr'>proles,</span> <span class='ocrx_word' id='word_1_104' title='bbox 1182 976 1214 1005; x_wconf 83' lang='lat' dir='ltr'>et</span> <span class='ocrx_word' id='word_1_105' title='bbox 1238 972 1373 1015; x_wconf 85' lang='lat' dir='ltr'>fugatur</span> 
     </span>
    </p>

    <p class='ocr_par' dir='ltr' id='par_1_9' title="bbox 264 1021 1392 1055">
     <span class='ocr_line' id='line_1_17' title="bbox 264 1021 1392 1055; baseline 0 -1"><span class='ocrx_word' id='word_1_106' title='bbox 264 1023 373 1055; x_wconf 89' lang='lat' dir='ltr'>Turbo</span> <span class='ocrx_word' id='word_1_107' title='bbox 401 1022 488 1054; x_wconf 84' lang='lat' dir='ltr'>cedit</span> <span class='ocrx_word' id='word_1_108' title='bbox 510 1022 644 1054; x_wconf 87' lang='lat' dir='ltr'>numini.</span> <span class='ocrx_word' id='word_1_109' title='bbox 956 1021 1102 1054; x_wconf 86' lang='lat' dir='ltr'>Daemon</span> <span class='ocrx_word' id='word_1_110' title='bbox 1129 1030 1224 1054; x_wconf 90' lang='lat' dir='ltr'>servo</span> <span class='ocrx_word' id='word_1_111' title='bbox 1250 1021 1392 1054; x_wconf 84' lang='lat' dir='ltr'>Domini.</span> 
     </span>
    </p>

    <p class='ocr_par' dir='ltr' id='par_1_10' title="bbox 108 1098 1407 1237">
     <span class='ocr_line' id='line_1_18' title="bbox 108 1098 1407 1139; baseline -0.001 -7"><span class='ocrx_word' id='word_1_112' title='bbox 108 1099 150 1132; x_wconf 91' lang='grc'>11</span> <span class='ocrx_word' id='word_1_113' title='bbox 164 1109 192 1132; x_wconf 86' lang='lat' dir='ltr'>a.</span> <span class='ocrx_word' id='word_1_114' title='bbox 220 1100 338 1139; x_wconf 82' lang='lat' dir='ltr'>Aegris</span> <span class='ocrx_word' id='word_1_115' title='bbox 364 1098 511 1131; x_wconf 89' lang='lat' dir='ltr'>omnibus</span> <span class='ocrx_word' id='word_1_116' title='bbox 537 1098 659 1131; x_wconf 83' lang='lat' dir='ltr'>sanatis</span> <span class='ocrx_word' id='word_1_117' title='bbox 799 1100 882 1132; x_wconf 77' lang='grc'>111).</span> <span class='ocrx_word' id='word_1_118' title='bbox 911 1099 989 1131; x_wconf 84' lang='lat' dir='ltr'>Post</span> <span class='ocrx_word' id='word_1_119' title='bbox 1013 1099 1095 1131; x_wconf 84' lang='lat' dir='ltr'>haec</span> <span class='ocrx_word' id='word_1_120' title='bbox 1121 1099 1245 1131; x_wconf 80' lang='lat' dir='ltr'>Attilae</span> <span class='ocrx_word' id='word_1_121' title='bbox 1272 1098 1407 1139; x_wconf 84' lang='lat' dir='ltr'>crudeli,</span> 
     </span>
     <span class='ocr_line' id='line_1_19' title="bbox 218 1146 1299 1187; baseline -0.001 -8"><span class='ocrx_word' id='word_1_122' title='bbox 218 1149 326 1187; x_wconf 84' lang='lat' dir='ltr'>Atque</span> <span class='ocrx_word' id='word_1_123' title='bbox 352 1147 414 1179; x_wconf 93' lang='lat' dir='ltr'>sibi</span> <span class='ocrx_word' id='word_1_124' title='bbox 443 1148 534 1179; x_wconf 85' lang='lat' dir='ltr'>donis</span> <span class='ocrx_word' id='word_1_125' title='bbox 562 1147 646 1179; x_wconf 86' lang='lat' dir='ltr'>datis</span> <span class='ocrx_word' id='word_1_126' title='bbox 908 1147 1079 1179; x_wconf 87' lang='lat' dir='ltr'>Asserenti</span> <span class='ocrx_word' id='word_1_127' title='bbox 1105 1147 1190 1187; x_wconf 78' lang='lat' dir='ltr'>regIs</span> <span class='ocrx_word' id='word_1_128' title='bbox 1217 1146 1299 1179; x_wconf 77' lang='lat' dir='ltr'>caeli</span> 
     </span>
     <span class='ocr_line' id='line_1_20' title="bbox 220 1193 1369 1237; baseline -0.002 -9"><span class='ocrx_word' id='word_1_129' title='bbox 220 1195 285 1228; x_wconf 82' lang='lat' dir='ltr'>Sua</span> <span class='ocrx_word' id='word_1_130' title='bbox 309 1195 402 1236; x_wconf 81' lang='lat' dir='ltr'>plebs</span> <span class='ocrx_word' id='word_1_131' title='bbox 428 1196 569 1227; x_wconf 80' lang='lat' dir='ltr'>exsultat</span> <span class='ocrx_word' id='word_1_132' title='bbox 591 1195 670 1227; x_wconf 88' lang='lat' dir='ltr'>satis</span> <span class='ocrx_word' id='word_1_133' title='bbox 910 1196 952 1228; x_wconf 86' lang='lat' dir='ltr'>Se</span> <span class='ocrx_word' id='word_1_134' title='bbox 976 1193 1150 1237; x_wconf 82' lang='lat' dir='ltr'>flagellum,</span> <span class='ocrx_word' id='word_1_135' title='bbox 1179 1204 1251 1227; x_wconf 84' lang='lat' dir='ltr'>cum</span> <span class='ocrx_word' id='word_1_136' title='bbox 1276 1194 1369 1227; x_wconf 90' lang='lat' dir='ltr'>fideli</span> 
     </span>
    </p>

    <p class='ocr_par' dir='ltr' id='par_1_11' title="bbox 264 1242 1321 1277">
     <span class='ocr_line' id='line_1_21' title="bbox 264 1242 1321 1277; baseline 0 -2"><span class='ocrx_word' id='word_1_137' title='bbox 264 1243 381 1276; x_wconf 82' lang='lat' dir='ltr'>Sancto</span> <span class='ocrx_word' id='word_1_138' title='bbox 410 1245 490 1276; x_wconf 83' lang='lat' dir='ltr'>duce</span> <span class='ocrx_word' id='word_1_139' title='bbox 515 1244 655 1277; x_wconf 86' lang='lat' dir='ltr'>reddito.</span> <span class='ocrx_word' id='word_1_140' title='bbox 957 1243 1065 1276; x_wconf 88' lang='lat' dir='ltr'>Corde</span> <span class='ocrx_word' id='word_1_141' title='bbox 1090 1242 1180 1276; x_wconf 81' lang='lat' dir='ltr'>favet</span> <span class='ocrx_word' id='word_1_142' title='bbox 1202 1243 1321 1275; x_wconf 84' lang='lat' dir='ltr'>subito.</span> 
     </span>
    </p>

    <p class='ocr_par' dir='ltr' id='par_1_12' title="bbox 105 1319 1426 1458">
     <span class='ocr_line' id='line_1_22' title="bbox 105 1319 1392 1361; baseline 0 -9"><span class='ocrx_word' id='word_1_143' title='bbox 105 1320 147 1352; x_wconf 83' lang='grc'>12</span> <span class='ocrx_word' id='word_1_144' title='bbox 160 1330 189 1353; x_wconf 89' lang='lat' dir='ltr'>a.</span> <span class='ocrx_word' id='word_1_145' title='bbox 217 1320 410 1353; x_wconf 86' lang='lat' dir='ltr'>Imminente</span> <span class='ocrx_word' id='word_1_146' title='bbox 434 1320 548 1353; x_wconf 89' lang='lat' dir='ltr'>mortis</span> <span class='ocrx_word' id='word_1_147' title='bbox 573 1320 654 1353; x_wconf 91' lang='lat' dir='ltr'>hora</span> <span class='ocrx_word' id='word_1_148' title='bbox 798 1321 881 1353; x_wconf 82' lang='grc'>121).</span> <span class='ocrx_word' id='word_1_149' title='bbox 907 1319 1040 1361; x_wconf 85' lang='lat' dir='ltr'>Plangit</span> <span class='ocrx_word' id='word_1_150' title='bbox 1063 1319 1160 1352; x_wconf 84' lang='lat' dir='ltr'>turba</span> <span class='ocrx_word' id='word_1_151' title='bbox 1185 1321 1392 1361; x_wconf 88' lang='lat' dir='ltr'>populorum,</span> 
     </span>
     <span class='ocr_line' id='line_1_23' title="bbox 220 1367 1399 1409; baseline -0.001 -8"><span class='ocrx_word' id='word_1_152' title='bbox 220 1368 346 1401; x_wconf 84' lang='lat' dir='ltr'>Clamat</span> <span class='ocrx_word' id='word_1_153' title='bbox 365 1367 485 1400; x_wconf 83' lang='lat' dir='ltr'>Christi</span> <span class='ocrx_word' id='word_1_154' title='bbox 508 1377 569 1400; x_wconf 77' lang='lat' dir='ltr'>vox</span> <span class='ocrx_word' id='word_1_155' title='bbox 598 1367 730 1401; x_wconf 85' lang='lat' dir='ltr'>decora:</span> <span class='ocrx_word' id='word_1_156' title='bbox 911 1368 1010 1402; x_wconf 89' lang='lat' dir='ltr'>Chori</span> <span class='ocrx_word' id='word_1_157' title='bbox 1034 1369 1176 1409; x_wconf 82' lang='lat' dir='ltr'>gaudent</span> <span class='ocrx_word' id='word_1_158' title='bbox 1201 1369 1399 1409; x_wconf 85' lang='lat' dir='ltr'>angelorum,</span> 
     </span>
     <span class='ocr_line' id='line_1_24' title="bbox 217 1416 1426 1458; baseline 0.001 -10"><span class='ocrx_word' id='word_1_159' title='bbox 217 1416 318 1449; x_wconf 85' lang='lat' dir='ltr'>Serve</span> <span class='ocrx_word' id='word_1_160' title='bbox 342 1417 437 1457; x_wconf 83' lang='lat' dir='ltr'>bone,</span> <span class='ocrx_word' id='word_1_161' title='bbox 464 1417 532 1448; x_wconf 86' lang='lat' dir='ltr'>sine</span> <span class='ocrx_word' id='word_1_162' title='bbox 557 1425 648 1448; x_wconf 89' lang='lat' dir='ltr'>mora</span> <span class='ocrx_word' id='word_1_163' title='bbox 911 1417 990 1450; x_wconf 91' lang='lat' dir='ltr'>Cum</span> <span class='ocrx_word' id='word_1_164' title='bbox 1026 1417 1067 1449; x_wconf 87' lang='lat' dir='ltr'>ad</span> <span class='ocrx_word' id='word_1_165' title='bbox 1097 1416 1182 1449; x_wconf 87' lang='lat' dir='ltr'>diem</span> <span class='ocrx_word' id='word_1_166' title='bbox 1208 1417 1426 1458; x_wconf 83' lang='lat' dir='ltr'>praemiorum</span> 
     </span>
    </p>

    <p class='ocr_par' dir='ltr' id='par_1_13' title="bbox 265 1464 1310 1509">
     <span class='ocr_line' id='line_1_25' title="bbox 265 1464 1310 1509; baseline 0.002 -12"><span class='ocrx_word' id='word_1_167' title='bbox 265 1465 358 1509; x_wconf 79' lang='lat' dir='ltr'>Veni,</span> <span class='ocrx_word' id='word_1_168' title='bbox 390 1465 469 1497; x_wconf 88' lang='lat' dir='ltr'>tolle</span> <span class='ocrx_word' id='word_1_169' title='bbox 493 1464 682 1505; x_wconf 84' lang='lat' dir='ltr'>praemium.</span> <span class='ocrx_word' id='word_1_170' title='bbox 958 1465 1056 1497; x_wconf 86' lang='lat' dir='ltr'>Pater</span> <span class='ocrx_word' id='word_1_171' title='bbox 1084 1465 1174 1497; x_wconf 84' lang='lat' dir='ltr'>dueit</span> <span class='ocrx_word' id='word_1_172' title='bbox 1196 1464 1310 1499; x_wconf 86' lang='lat' dir='ltr'>filium.</span> 
     </span>
    </p>

    <p class='ocr_par' dir='ltr' id='par_1_14' title="bbox 106 1541 1424 1679">
     <span class='ocr_line' id='line_1_26' title="bbox 106 1541 1424 1585; baseline 0 -11"><span class='ocrx_word' id='word_1_173' title='bbox 106 1541 149 1575; x_wconf 83' lang='lat'>13</span> <span class='ocrx_word' id='word_1_174' title='bbox 161 1551 190 1575; x_wconf 86' lang='lat' dir='ltr'>a.</span> <span class='ocrx_word' id='word_1_175' title='bbox 216 1541 279 1573; x_wconf 85' lang='lat' dir='ltr'>Est</span> <span class='ocrx_word' id='word_1_176' title='bbox 304 1541 441 1574; x_wconf 87' lang='lat' dir='ltr'>Severus</span> <span class='ocrx_word' id='word_1_177' title='bbox 467 1541 692 1574; x_wconf 80' lang='lat' dir='ltr'>Ravennatum</span> <span class='ocrx_word' id='word_1_178' title='bbox 801 1542 883 1575; x_wconf 82' lang='lat' dir='ltr'>13b.</span> <span class='ocrx_word' id='word_1_179' title='bbox 910 1542 1007 1575; x_wconf 84' lang='lat' dir='ltr'>Plebs</span> <span class='ocrx_word' id='word_1_180' title='bbox 1032 1542 1207 1575; x_wconf 85' lang='lat' dir='ltr'>Ravennae</span> <span class='ocrx_word' id='word_1_181' title='bbox 1231 1542 1424 1585; x_wconf 82' lang='lat' dir='ltr'>admiratur,</span> 
     </span>
     <span class='ocr_line' id='line_1_27' title="bbox 217 1589 1358 1631; baseline 0.001 -9"><span class='ocrx_word' id='word_1_182' title='bbox 217 1590 352 1622; x_wconf 84' lang='lat' dir='ltr'>Praesul</span> <span class='ocrx_word' id='word_1_183' title='bbox 378 1598 532 1629; x_wconf 84' lang='lat' dir='ltr'>praesens</span> <span class='ocrx_word' id='word_1_184' title='bbox 551 1593 583 1621; x_wconf 87' lang='lat' dir='ltr'>et</span> <span class='ocrx_word' id='word_1_185' title='bbox 601 1591 732 1622; x_wconf 83' lang='lat' dir='ltr'>beatum</span> <span class='ocrx_word' id='word_1_186' title='bbox 913 1590 992 1623; x_wconf 89' lang='lat' dir='ltr'>Cum</span> <span class='ocrx_word' id='word_1_187' title='bbox 1017 1591 1203 1631; x_wconf 83' lang='lat' dir='ltr'>praesentia</span> <span class='ocrx_word' id='word_1_188' title='bbox 1229 1589 1358 1623; x_wconf 84' lang='lat' dir='ltr'>fruatur</span> 
     </span>
     <span class='ocr_line' id='line_1_28' title="bbox 219 1637 1325 1679; baseline 0 -9"><span class='ocrx_word' id='word_1_189' title='bbox 219 1637 375 1678; x_wconf 87' lang='lat' dir='ltr'>Spiritum</span> <span class='ocrx_word' id='word_1_190' title='bbox 387 1638 480 1670; x_wconf 90' lang='lat' dir='ltr'>huius</span> <span class='ocrx_word' id='word_1_191' title='bbox 490 1639 610 1670; x_wconf 86' lang='lat' dir='ltr'>sanctis</span> <span class='ocrx_word' id='word_1_192' title='bbox 623 1639 732 1670; x_wconf 86' lang='lat' dir='ltr'>datum</span> <span class='ocrx_word' id='word_1_193' title='bbox 913 1638 969 1671; x_wconf 89' lang='lat' dir='ltr'>Sui</span> <span class='ocrx_word' id='word_1_194' title='bbox 994 1639 1109 1679; x_wconf 88' lang='lat' dir='ltr'>patris,</span> <span class='ocrx_word' id='word_1_195' title='bbox 1139 1643 1170 1672; x_wconf 89' lang='lat' dir='ltr'>et</span> <span class='ocrx_word' id='word_1_196' title='bbox 1198 1639 1325 1672; x_wconf 82' lang='lat' dir='ltr'>dicatur</span> 
     </span>
    </p>

    <p class='ocr_par' dir='ltr' id='par_1_15' title="bbox 267 1685 1346 1726">
     <span class='ocr_line' id='line_1_29' title="bbox 267 1685 1346 1726; baseline 0.001 -7"><span class='ocrx_word' id='word_1_197' title='bbox 267 1685 386 1719; x_wconf 73' lang='lat' dir='ltr'>Sancto</span> <span class='ocrx_word' id='word_1_198' title='bbox 412 1687 520 1726; x_wconf 83' lang='lat' dir='ltr'>signat</span> <span class='ocrx_word' id='word_1_199' title='bbox 540 1685 671 1719; x_wconf 77' lang='lat' dir='ltr'>famine.</span> <span class='ocrx_word' id='word_1_200' title='bbox 961 1686 1065 1720; x_wconf 83' lang='lat' dir='ltr'>Simul</span> <span class='ocrx_word' id='word_1_201' title='bbox 1090 1695 1163 1719; x_wconf 85' lang='lat' dir='ltr'>esse</span> <span class='ocrx_word' id='word_1_202' title='bbox 1187 1687 1346 1720; x_wconf 82' lang='lat' dir='ltr'>Mutinae.</span> 
     </span>
    </p>

    <p class='ocr_par' dir='ltr' id='par_1_16' title="bbox 107 1761 1366 1856">
     <span class='ocr_line' id='line_1_30' title="bbox 107 1761 1366 1805; baseline 0 -9"><span class='ocrx_word' id='word_1_203' title='bbox 107 1764 152 1797; x_wconf 83' lang='grc'>14</span> <span class='ocrx_word' id='word_1_204' title='bbox 162 1774 192 1799; x_wconf 83' lang='lat' dir='ltr'>a.</span> <span class='ocrx_word' id='word_1_205' title='bbox 219 1764 290 1796; x_wconf 82' lang='lat' dir='ltr'>Iam</span> <span class='ocrx_word' id='word_1_206' title='bbox 308 1761 478 1796; x_wconf 81' lang='lat' dir='ltr'>defunctus</span> <span class='ocrx_word' id='word_1_207' title='bbox 495 1773 610 1804; x_wconf 80' lang='lat' dir='ltr'>aegros</span> <span class='ocrx_word' id='word_1_208' title='bbox 627 1767 732 1805; x_wconf 78' lang='lat' dir='ltr'>sanat,</span> <span class='ocrx_word' id='word_1_209' title='bbox 801 1765 885 1798; x_wconf 77' lang='lat' dir='ltr'>14b.</span> <span class='ocrx_word' id='word_1_210' title='bbox 912 1764 991 1797; x_wconf 89' lang='lat' dir='ltr'>Dies</span> <span class='ocrx_word' id='word_1_211' title='bbox 1018 1763 1095 1796; x_wconf 85' lang='lat' dir='ltr'>festi</span> <span class='ocrx_word' id='word_1_212' title='bbox 1121 1773 1193 1796; x_wconf 80' lang='lat' dir='ltr'>cum</span> <span class='ocrx_word' id='word_1_213' title='bbox 1218 1764 1366 1805; x_wconf 81' lang='lat' dir='ltr'>lucescit,</span> 
     </span>
     <span class='ocr_line' id='line_1_31' title="bbox 217 1811 1332 1856; baseline 0.001 -12"><span class='ocrx_word' id='word_1_214' title='bbox 217 1811 353 1845; x_wconf 88' lang='lat' dir='ltr'>Morbos</span> <span class='ocrx_word' id='word_1_215' title='bbox 371 1812 483 1854; x_wconf 80' lang='lat' dir='ltr'>pellit3</span> <span class='ocrx_word' id='word_1_216' title='bbox 500 1812 554 1853; x_wconf 91' lang='lat' dir='ltr'>qui</span> <span class='ocrx_word' id='word_1_217' title='bbox 568 1811 731 1853; x_wconf 83' lang='lat' dir='ltr'>profanat,</span> <span class='ocrx_word' id='word_1_218' title='bbox 911 1812 1070 1845; x_wconf 87' lang='lat' dir='ltr'>Fluvialis</span> <span class='ocrx_word' id='word_1_219' title='bbox 1096 1823 1179 1854; x_wconf 83' lang='lat' dir='ltr'>aqua</span> <span class='ocrx_word' id='word_1_220' title='bbox 1206 1813 1332 1856; x_wconf 78' lang='lat' dir='ltr'>crescit,</span> 
     </span>
    </p>

    <p class='ocr_par' dir='ltr' id='par_1_17' title="bbox 109 1860 1434 2029">
     <span class='ocr_line' id='line_1_32' title="bbox 217 1860 1418 1903; baseline 0.001 -11"><span class='ocrx_word' id='word_1_221' title='bbox 217 1860 258 1892; x_wconf 85' lang='lat' dir='ltr'>Ei</span> <span class='ocrx_word' id='word_1_222' title='bbox 284 1860 403 1899; x_wconf 79' lang='lat' dir='ltr'>obstat,</span> <span class='ocrx_word' id='word_1_223' title='bbox 431 1861 555 1893; x_wconf 82' lang='lat' dir='ltr'>eunetis</span> <span class='ocrx_word' id='word_1_224' title='bbox 580 1865 692 1893; x_wconf 81' lang='lat' dir='ltr'>manat</span> <span class='ocrx_word' id='word_1_225' title='bbox 913 1861 1045 1893; x_wconf 79' lang='lat' dir='ltr'>Nullum</span> <span class='ocrx_word' id='word_1_226' title='bbox 1072 1861 1185 1903; x_wconf 78' lang='lat' dir='ltr'>laedit,</span> <span class='ocrx_word' id='word_1_227' title='bbox 1211 1861 1272 1893; x_wconf 83' lang='lat' dir='ltr'>sed</span> <span class='ocrx_word' id='word_1_228' title='bbox 1296 1862 1418 1894; x_wconf 75' lang='lat' dir='ltr'>arescit</span> 
     </span>
     <span class='ocr_line' id='line_1_33' title="bbox 265 1908 1295 1949; baseline -0.001 -8"><span class='ocrx_word' id='word_1_229' title='bbox 265 1908 345 1942; x_wconf 87' lang='lat' dir='ltr'>Eius</span> <span class='ocrx_word' id='word_1_230' title='bbox 369 1910 594 1949; x_wconf 85' lang='lat' dir='ltr'>patrocinium.</span> <span class='ocrx_word' id='word_1_231' title='bbox 965 1908 1060 1942; x_wconf 81' lang='lat' dir='ltr'>Circa</span> <span class='ocrx_word' id='word_1_232' title='bbox 1087 1909 1295 1944; x_wconf 78' lang='lat' dir='ltr'>domicilium,</span> 
     </span>
     <span class='ocr_line' id='line_1_34' title="bbox 109 1983 1434 2029; baseline 0.002 -11"><span class='ocrx_word' id='word_1_233' title='bbox 109 1987 152 2019; x_wconf 85' lang='lat'>15</span> <span class='ocrx_word' id='word_1_234' title='bbox 165 1995 194 2018; x_wconf 84' lang='lat' dir='ltr'>a.</span> <span class='ocrx_word' id='word_1_235' title='bbox 221 1985 366 2018; x_wconf 85' lang='lat' dir='ltr'>Tandem</span> <span class='ocrx_word' id='word_1_236' title='bbox 395 1983 474 2017; x_wconf 83' lang='lat' dir='ltr'>furit</span> <span class='ocrx_word' id='word_1_237' title='bbox 498 1985 726 2026; x_wconf 84' lang='lat' dir='ltr'>Hungarorurn</span> <span class='ocrx_word' id='word_1_238' title='bbox 803 1986 886 2019; x_wconf 73' lang='grc'>151).</span> <span class='ocrx_word' id='word_1_239' title='bbox 914 1986 1012 2029; x_wconf 79' lang='lat' dir='ltr'>Ergo,</span> <span class='ocrx_word' id='word_1_240' title='bbox 1040 1989 1145 2026; x_wconf 70' lang='lat' dir='ltr'>pater,</span> <span class='ocrx_word' id='word_1_241' title='bbox 1172 1995 1258 2019; x_wconf 80' lang='lat' dir='ltr'>nune</span> <span class='ocrx_word' id='word_1_242' title='bbox 1277 1995 1434 2021; x_wconf 80' lang='lat' dir='ltr'>conserva</span> 
     </span>
    </p>
   </div>
   <div class='ocr_carea' id='block_1_3' title="bbox 218 2032 733 2163">
    <p class='ocr_par' dir='ltr' id='par_1_18' title="bbox 218 2032 733 2162">
     <span class='ocr_line' id='line_1_35' title="bbox 221 2032 733 2066; baseline 0 0"><span class='ocrx_word' id='word_1_243' title='bbox 221 2033 309 2066; x_wconf 80' lang='lat' dir='ltr'>Gens</span> <span class='ocrx_word' id='word_1_244' title='bbox 334 2032 477 2066; x_wconf 81' lang='lat' dir='ltr'>nefanda</span> <span class='ocrx_word' id='word_1_245' title='bbox 495 2038 527 2065; x_wconf 88' lang='lat' dir='ltr'>et</span> <span class='ocrx_word' id='word_1_246' title='bbox 548 2036 733 2066; x_wconf 78' lang='lat' dir='ltr'>cunctorum</span> 
     </span>
     <span class='ocr_line' id='line_1_36' title="bbox 218 2082 693 2124; baseline 0 -11"><span class='ocrx_word' id='word_1_247' title='bbox 218 2082 307 2114; x_wconf 76' lang='lat' dir='ltr'>Loca</span> <span class='ocrx_word' id='word_1_248' title='bbox 331 2082 451 2124; x_wconf 86' lang='lat' dir='ltr'>perdit,</span> <span class='ocrx_word' id='word_1_249' title='bbox 480 2082 538 2114; x_wconf 90' lang='lat' dir='ltr'>sed</span> <span class='ocrx_word' id='word_1_250' title='bbox 563 2091 693 2114; x_wconf 88' lang='lat' dir='ltr'>suorum</span> 
     </span>
     <span class='ocr_line' id='line_1_37' title="bbox 268 2128 700 2163; baseline 0.002 -2"><span class='ocrx_word' id='word_1_251' title='bbox 268 2128 405 2162; x_wconf 82' lang='lat' dir='ltr'>Sanctus</span> <span class='ocrx_word' id='word_1_252' title='bbox 430 2133 541 2162; x_wconf 81' lang='lat' dir='ltr'>servat</span> <span class='ocrx_word' id='word_1_253' title='bbox 564 2130 700 2163; x_wconf 86' lang='lat' dir='ltr'>moenia.</span> 
     </span>
    </p>
   </div>
   <div class='ocr_carea' id='block_1_4' title="bbox 913 2034 1433 2075">
    <p class='ocr_par' dir='ltr' id='par_1_19' title="bbox 913 2034 1433 2075">
     <span class='ocr_line' id='line_1_38' title="bbox 913 2034 1433 2075; baseline 0.01 -9"><span class='ocrx_word' id='word_1_254' title='bbox 913 2034 982 2066; x_wconf 74' lang='lat' dir='ltr'>Nos</span> <span class='ocrx_word' id='word_1_255' title='bbox 1014 2034 1166 2075; x_wconf 82' lang='lat' dir='ltr'>indignos</span> <span class='ocrx_word' id='word_1_256' title='bbox 1193 2044 1264 2067; x_wconf 86' lang='lat' dir='ltr'>cum</span> <span class='ocrx_word' id='word_1_257' title='bbox 1291 2039 1433 2071; x_wconf 75' lang='lat' dir='ltr'>caterva.</span> 
     </span>
    </p>
   </div>
   <div class='ocr_carea' id='block_1_5' title="bbox 918 2111 1350 2123">
    <p class='ocr_par' dir='ltr' id='par_1_20' title="bbox 918 2111 1350 2123">
     <span class='ocr_line' id='line_1_39' title="bbox 918 2111 1350 2123; baseline 0 -3"><span class='ocrx_word' id='word_1_258' title='bbox 918 2111 1350 2123; x_wconf 61' lang='lat'>........</span> 
     </span>
    </p>
   </div>
   <div class='ocr_carea' id='block_1_6' title="bbox 95 2222 1439 2456">
    <p class='ocr_par' dir='ltr' id='par_1_21' title="bbox 95 2222 1439 2456">
     <span class='ocr_line' id='line_1_40' title="bbox 175 2222 1432 2262; baseline 0.003 -10"><span class='ocrx_word' id='word_1_259' title='bbox 175 2223 264 2253; x_wconf 83' lang='lat' dir='ltr'>Grad.</span> <span class='ocrx_word' id='word_1_260' title='bbox 291 2233 345 2252; x_wconf 87' lang='lat' dir='ltr'>ms.</span> <span class='ocrx_word' id='word_1_261' title='bbox 367 2224 538 2253; x_wconf 66' lang='lat' dir='ltr'>Mutinense</span> <span class='ocrx_word' id='word_1_262' title='bbox 565 2233 642 2253; x_wconf 82' lang='lat' dir='ltr'>saee-</span> <span class='ocrx_word' id='word_1_263' title='bbox 666 2222 711 2252; x_wconf 83' lang='lat'>12</span> <span class='ocrx_word' id='word_1_264' title='bbox 753 2225 823 2254; x_wconf 85' lang='lat' dir='ltr'>Cod.</span> <span class='ocrx_word' id='word_1_265' title='bbox 852 2225 947 2262; x_wconf 81' lang='lat' dir='ltr'>Capit.</span> <span class='ocrx_word' id='word_1_266' title='bbox 975 2226 1121 2255; x_wconf 85' lang='lat' dir='ltr'>Mutinen.</span> <span class='ocrx_word' id='word_1_267' title='bbox 1144 2226 1168 2254; x_wconf 97' lang='grc' dir='ltr'>Ο</span> <span class='ocrx_word' id='word_1_268' title='bbox 1189 2228 1205 2255; x_wconf 92' lang='grc' dir='ltr'>Ι</span> <span class='ocrx_word' id='word_1_269' title='bbox 1224 2228 1254 2256; x_wconf 80' lang='lat' dir='ltr'>N</span> <span class='ocrx_word' id='word_1_270' title='bbox 1276 2227 1320 2256; x_wconf 89' lang='grc'>16.</span> <span class='ocrx_word' id='word_1_271' title='bbox 1341 2228 1376 2256; x_wconf 82' lang='grc' dir='ltr'>Α.</span> <span class='ocrx_word' id='word_1_272' title='bbox 1396 2245 1432 2249; x_wconf 92' lang='lat'>—</span> 
     </span>
     <span class='ocr_line' id='line_1_41' title="bbox 95 2261 1437 2302; baseline 0.004 -11"><span class='ocrx_word' id='word_1_273' title='bbox 95 2263 159 2292; x_wconf 84' lang='lat' dir='ltr'>Aus</span> <span class='ocrx_word' id='word_1_274' title='bbox 191 2264 273 2291; x_wconf 83' lang='lat' dir='ltr'>einer</span> <span class='ocrx_word' id='word_1_275' title='bbox 302 2263 387 2291; x_wconf 85' lang='lat' dir='ltr'>nicht</span> <span class='ocrx_word' id='word_1_276' title='bbox 417 2263 512 2291; x_wconf 60' lang='lat' dir='ltr'>nither</span> <span class='ocrx_word' id='word_1_277' title='bbox 543 2261 755 2291; x_wconf 84' lang='lat' dir='ltr'>bezeichneten</span> <span class='ocrx_word' id='word_1_278' title='bbox 785 2264 840 2293; x_wconf 91' lang='lat' dir='ltr'>Hs.</span> <span class='ocrx_word' id='word_1_279' title='bbox 867 2265 1026 2293; x_wconf 84' lang='lat' dir='ltr'>Modenas:</span> <span class='ocrx_word' id='word_1_280' title='bbox 1053 2265 1136 2293; x_wconf 85' lang='lat' dir='ltr'>Gius.</span> <span class='ocrx_word' id='word_1_281' title='bbox 1165 2265 1225 2302; x_wconf 89' lang='lat' dir='ltr'>Cap</span> <span class='ocrx_word' id='word_1_282' title='bbox 1226 2267 1360 2302; x_wconf 77' lang='lat' dir='ltr'>pelleffi,</span> <span class='ocrx_word' id='word_1_283' title='bbox 1391 2268 1437 2297; x_wconf 86' lang='lat' dir='ltr'>Le</span> 
     </span>
     <span class='ocr_line' id='line_1_42' title="bbox 98 2276 1435 2339; baseline 0.002 -8"><span class='ocrx_word' id='word_1_284' title='bbox 98 2301 206 2331; x_wconf 81' lang='lat' dir='ltr'>Chiese</span> <span class='ocrx_word' id='word_1_285' title='bbox 232 2299 533 2338; x_wconf 72' lang='lat' dir='ltr'>d1ta11a(Venezia‚</span> <span class='ocrx_word' id='word_1_286' title='bbox 557 2299 641 2330; x_wconf 78' lang='lat'>1859.</span> <span class='ocrx_word' id='word_1_287' title='bbox 662 2305 732 2330; x_wconf 79' lang='lat' dir='ltr'>tom.</span> <span class='ocrx_word' id='word_1_288' title='bbox 753 2303 819 2336; x_wconf 78' lang='lat' dir='ltr'>XV,</span> <span class='ocrx_word' id='word_1_289' title='bbox 840 2301 966 2339; x_wconf 81' lang='lat' dir='ltr'>p.215)</span> <span class='ocrx_word' id='word_1_290' title='bbox 987 2304 1021 2332; x_wconf 91' lang='grc' dir='ltr'>Β.</span> <span class='ocrx_word' id='word_1_291' title='bbox 1047 2318 1086 2323; x_wconf 89' lang='lat'>-—</span> <span class='ocrx_word' id='word_1_292' title='bbox 1118 2303 1171 2338; x_wconf 64' lang='lat'>412,</span> <span class='ocrx_word' id='word_1_293' title='bbox 1193 2276 1225 2332; x_wconf 63' lang='grc' dir='ltr'>ὁρ</span> <span class='ocrx_word' id='word_1_294' title='bbox 1230 2304 1322 2334; x_wconf 83' lang='lat' dir='ltr'>Plebs</span> <span class='ocrx_word' id='word_1_295' title='bbox 1344 2307 1376 2335; x_wconf 87' lang='grc' dir='ltr'>Β.</span> <span class='ocrx_word' id='word_1_296' title='bbox 1399 2322 1435 2326; x_wconf 85' lang='grc'><strong>-</strong></span> 
     </span>
     <span class='ocr_line' id='line_1_43' title="bbox 97 2312 1435 2379; baseline 0.003 -9"><span class='ocrx_word' id='word_1_297' title='bbox 97 2340 150 2376; x_wconf 86' lang='lat' dir='ltr'>5a,</span> <span class='ocrx_word' id='word_1_298' title='bbox 172 2340 190 2369; x_wconf 83' lang='lat'>2</span> <span class='ocrx_word' id='word_1_299' title='bbox 211 2342 256 2369; x_wconf 86' lang='lat' dir='ltr'>ita</span> <span class='ocrx_word' id='word_1_300' title='bbox 275 2341 350 2370; x_wconf 82' lang='lat' dir='ltr'>fehlt</span> <span class='ocrx_word' id='word_1_301' title='bbox 369 2341 403 2368; x_wconf 92' lang='lat' dir='ltr'>B.</span> <span class='ocrx_word' id='word_1_302' title='bbox 425 2355 463 2360; x_wconf 92' lang='lat'>—-</span> <span class='ocrx_word' id='word_1_303' title='bbox 487 2323 539 2375; x_wconf 73' lang='lat'><strong>612⁷,</strong></span> <span class='ocrx_word' id='word_1_304' title='bbox 554 2339 574 2368; x_wconf 85' lang='lat'>4</span> <span class='ocrx_word' id='word_1_305' title='bbox 594 2341 700 2369; x_wconf 83' lang='lat' dir='ltr'>exsilio</span> <span class='ocrx_word' id='word_1_306' title='bbox 723 2341 757 2369; x_wconf 86' lang='lat' dir='ltr'>A.</span> <span class='ocrx_word' id='word_1_307' title='bbox 779 2356 817 2361; x_wconf 88' lang='lat'>——</span> <span class='ocrx_word' id='word_1_308' title='bbox 840 2312 908 2375; x_wconf 83' lang='grc'>111),</span> <span class='ocrx_word' id='word_1_309' title='bbox 933 2340 950 2369; x_wconf 90' lang='grc'>2</span> <span class='ocrx_word' id='word_1_310' title='bbox 971 2342 1028 2370; x_wconf 81' lang='lat' dir='ltr'>Ass</span> <span class='ocrx_word' id='word_1_311' title='bbox 1032 2344 1141 2371; x_wconf 84' lang='lat' dir='ltr'>erentis</span> <span class='ocrx_word' id='word_1_312' title='bbox 1161 2344 1199 2379; x_wconf 84' lang='grc' dir='ltr'>Α;</span> <span class='ocrx_word' id='word_1_313' title='bbox 1229 2345 1321 2373; x_wconf 85' lang='lat' dir='ltr'>caelis</span> <span class='ocrx_word' id='word_1_314' title='bbox 1343 2346 1376 2374; x_wconf 89' lang='grc' dir='ltr'>Β.</span> <span class='ocrx_word' id='word_1_315' title='bbox 1398 2362 1435 2367; x_wconf 78' lang='lat'><strong>—</strong></span> 
     </span>
     <span class='ocr_line' id='line_1_44' title="bbox 98 2362 1439 2417; baseline 0.004 -8"><span class='ocrx_word' id='word_1_316' title='bbox 98 2362 172 2417; x_wconf 58' lang='lat'><strong>1222,</strong></span> <span class='ocrx_word' id='word_1_317' title='bbox 194 2378 213 2407; x_wconf 83' lang='lat'><strong>2</strong></span> <span class='ocrx_word' id='word_1_318' title='bbox 234 2379 373 2409; x_wconf 75' lang='lat' dir='ltr'>Clamant</span> <span class='ocrx_word' id='word_1_319' title='bbox 397 2388 458 2408; x_wconf 79' lang='lat' dir='ltr'>vox</span> <span class='ocrx_word' id='word_1_320' title='bbox 487 2380 600 2408; x_wconf 79' lang='lat' dir='ltr'>Christi</span> <span class='ocrx_word' id='word_1_321' title='bbox 626 2380 662 2407; x_wconf 80' lang='lat' dir='ltr'>A.</span> <span class='ocrx_word' id='word_1_322' title='bbox 690 2395 719 2400; x_wconf 83' lang='lat'>-</span> <span class='ocrx_word' id='word_1_323' title='bbox 755 2379 827 2415; x_wconf 72' lang='grc'>141),</span> <span class='ocrx_word' id='word_1_324' title='bbox 849 2379 865 2409; x_wconf 94' lang='grc'>1</span> <span class='ocrx_word' id='word_1_325' title='bbox 889 2381 1013 2409; x_wconf 79' lang='lat' dir='ltr'>festieus</span> <span class='ocrx_word' id='word_1_326' title='bbox 1040 2382 1167 2410; x_wconf 76' lang='lat' dir='ltr'>lucescit</span> <span class='ocrx_word' id='word_1_327' title='bbox 1185 2365 1220 2410; x_wconf 90' lang='grc' dir='ltr'>Β.</span> <span class='ocrx_word' id='word_1_328' title='bbox 1245 2399 1284 2404; x_wconf 84' lang='lat'><strong>—</strong></span> <span class='ocrx_word' id='word_1_329' title='bbox 1312 2383 1376 2414; x_wconf 80' lang='grc'>151)</span> <span class='ocrx_word' id='word_1_330' title='bbox 1397 2387 1439 2414; x_wconf 82' lang='lat' dir='ltr'>ist</span> 
     </span>
     <span class='ocr_line' id='line_1_45' title="bbox 100 2419 489 2456; baseline -0.005 -7"><span class='ocrx_word' id='word_1_331' title='bbox 100 2419 233 2449; x_wconf 84' lang='lat' dir='ltr'>offenbar</span> <span class='ocrx_word' id='word_1_332' title='bbox 255 2420 374 2449; x_wconf 85' lang='lat' dir='ltr'>unvolls</span> <span class='ocrx_word' id='word_1_333' title='bbox 362 2419 489 2456; x_wconf 70' lang='lat' dir='ltr'>standig.</span> 
     </span>
    </p>
   </div>
  </div>
 </body>
</html>
