1656 2690
201 222 267 255 3a.

207 503 267 535 4a.

207 784 267 816 5a.

210 1064 273 1096 6a.

208 1247 269 1279 7a.

207 1431 269 1463 Sa.

206 1616 267 1649 92.

183 1898 227 1931 10
240 1907 270 1930 a.

188 2084 229 2118 11
243 2094 271 2117 a.

181 2271 224 2305 12
236 2280 266 2306 a.

293 220 411 253 Testes
438 220 501 253 Dei

295 268 394 308 Quasi
420 270 469 301 rei

341 318 541 358 Moriuntur,

341 366 533 399 Inserantur

393 413 600 455 Sempiterno
625 413 751 446 lumini.

296 501 362 534 Hic
386 500 563 542 ingressus,

296 550 360 585 Hic
384 558 586 591 progressus,

345 598 406 631 Via
431 598 517 630 iusta

347 646 412 679 Sed
439 649 575 686 angusta

395 695 459 727 Per
485 702 631 727 cruorem
658 701 805 731 roseum3

296 781 375 814 Veri
400 780 523 814 Christi
547 780 668 812 milites

297 828 420 862 Christi
446 827 556 861 ferunt
579 827 711 868 limites,

343 877 432 919 Agni
456 877 551 909 tincti
576 876 732 916 sanguine

349 925 490 966 Rubent‚
518 924 618 958 fontis
643 923 766 956 lumine

399 974 528 1007 Christo
556 972 746 1013 consignati.

302 1062 327 1095 Ο
354 1060 502 1101 Mauriti,
529 1060 683 1101 princeps
709 1059 804 1100 alme,

297 1109 442 1150 Fulgens
455 1108 562 1149 fulges
574 1108 678 1140 instar
689 1107 819 1148 palmae

343 1158 382 1190 In
411 1160 587 1196 conspectu
613 1156 753 1197 gloriae;

298 1245 404 1285 Super
430 1245 537 1277 nivem
565 1243 712 1276 Candide

297 1293 470 1326 Dealbaris
497 1292 636 1325 candide

345 1341 425 1374 Lilii
450 1341 604 1374 candore.

294 1429 506 1462 Fermentum
533 1429 587 1460 hic
610 1427 699 1466 fidei,

294 1479 428 1511 Amoris
454 1478 532 1511 hinc
555 1477 640 1517 ignei

344 1527 484 1559 Aestuat
510 1525 665 1567 caminus,

294 1614 340 1647 Hi
366 1617 440 1647 sunt
465 1613 529 1647 viri

299 1663 386 1695 Fide
410 1663 497 1704 miri,

348 1711 418 1744 Viri
443 1710 557 1752 fortes,

350 1760 492 1800 Quorum
517 1761 622 1792 sortes

394 1809 508 1849 Regna
530 1810 643 1841 tenent
669 1807 800 1842 caelica.

297 1897 359 1939 Qui
384 1906 420 1929 se
445 1896 534 1938 ipsos
559 1898 761 1938 negaverunt

294 1946 342 1979 Et
365 1954 427 1987 pro
455 1945 586 1979 Christo
610 1945 820 1986 pertulerunt

344 1995 523 2028 Tormenta
549 1993 738 2036 fortissime,

297 2083 457 2118 Reddunt
482 2086 558 2116 vota
582 2084 691 2116 mente
716 2085 786 2116 tota

297 2132 405 2166 Corde
428 2140 518 2165 mero
541 2132 613 2164 Deo
641 2140 719 2165 vero

346 2181 488 2214 Perenni
514 2189 585 2213 cum
612 2180 724 2222 iubilo,

294 2271 360 2304 Vos
386 2278 568 2313 precamur,
594 2270 695 2301 testes
720 2269 794 2312 Dei,

296 2319 401 2352 Natos
426 2319 509 2351 lucis
534 2321 568 2351 et
594 2318 660 2351 diei

341 2367 522 2402 Decoratos
548 2368 662 2411 gloria,

812 120 883 158 227

908 220 970 254 31].

908 500 969 534 4b.

907 778 970 812 5b.

909 1060 970 1093 6b.

909 1244 967 1278 71),

911 1428 971 1461 81).

910 1613 974 1648 eb,

885 1897 971 1932 101).

888 2083 972 2118 111).

888 2269 971 2305 121).

996 219 1088 253 Mors
1114 228 1225 253 eorum

995 268 1087 302 Mors
1114 270 1311 309 sanctorum,

1043 316 1204 355 Gloriosa,

1043 365 1192 398 Pretiosa

1092 414 1130 446 In
1156 415 1332 454 conspectu
1355 411 1496 446 Domini.

995 500 1144 534 Christus
1169 501 1274 541 ipsam

994 548 1069 581 Suis
1093 549 1191 580 istam

1042 596 1225 637 ReveIavst,

1045 644 1292 678 Commendavit

1092 694 1156 725 Per
1180 693 1327 726 velamen
1347 700 1509 725 carneum.

995 780 1106 821 Plagis
1131 779 1275 820 gaudent
1299 779 1410 821 variis,

997 827 1088 861 Colla
1112 825 1248 860 flectunt
1273 827 1402 869 gladiis,

1044 874 1150 908 Gazas
1177 875 1318 908 fundunt
1344 876 1494 916 optimas,

1043 923 1114 957 Deo
1139 924 1284 957 reddunt
1308 924 1432 956 animas

1092 972 1177 1005 Fide
1203 973 1360 1005 coronati.

997 1060 1172 1100 Exsuperi,
1199 1061 1364 1100 superasti

996 1108 1115 1141 Mundi
1141 1109 1236 1141 luxus
1263 1110 1296 1140 et
1321 1108 1454 1141 calcasti

1049 1156 1175 1189 Virtute
1201 1157 1416 1190 constantiae.

999 1244 1108 1276 Victor
1133 1243 1235 1276 vincit
1259 1243 1386 1286 fortius,

997 1292 1106 1325 Rubet
1129 1292 1339 1325 Innocentius

1046 1340 1159 1373 Rubeo
1187 1349 1313 1375 cruore.

997 1426 1175 1461 Perferunt
1198 1428 1372 1470 supplicia,

996 1477 1081 1517 Quos
1107 1485 1198 1509 amor
1221 1486 1281 1517 per
1306 1477 1414 1510 omnia

1046 1525 1204 1558 Penetrat
1229 1525 1365 1559 divinus.

1002 1613 1154 1646 Gaudent
1178 1614 1224 1646 ita

997 1663 1086 1696 Vera
1111 1662 1189 1704 vita,

1045 1710 1093 1743 Ut
1117 1710 1209 1743 fideli

1043 1758 1115 1792 Deo
1142 1759 1225 1791 caeli

1096 1807 1191 1840 Nova
1217 1810 1335 1840 canant
1361 1809 1496 1842 cantIca.

997 1896 1198 1931 Holocausta
1223 1897 1414 1937 medullata,

997 1945 1083 1979 Fide
1108 1946 1211 1978 multa
1237 1948 1452 1991 concremata,

1048 1993 1194 2028 offerunt
1218 1994 1412 2035 gratissime.

998 2082 1067 2117 Ubi
1090 2082 1227 2126 Rachel,
1265 2091 1330 2116 non
1355 2083 1421 2116 iam
1445 2082 1517 2126 Lia‚

997 2131 1072 2165 Non
1099 2134 1148 2164 est
1165 2132 1300 2164 Martha
1322 2133 1381 2165 sed
1398 2132 1519 2175 Maria,

1044 2179 1124 2214 Dies
1150 2180 1222 2213 sine
1246 2180 1369 2215 nubilo.

999 2270 1046 2304 Ut
1070 2279 1128 2302 nos
1153 2268 1200 2302 ibi
1225 2269 1289 2302 iam
1316 2269 1438 2302 ascribi

999 2318 1079 2352 Cum
1103 2318 1208 2351 beatis
1234 2317 1363 2351 faciatis

1049 2366 1088 2400 In
1115 2367 1238 2401 Christi
1263 2367 1390 2400 militia.

250 2435 336 2464 Miss.
357 2444 412 2463 ms.
432 2435 619 2464 Belisianum
642 2443 720 2464 saec.
746 2433 791 2464 15.
826 2435 899 2464 God.
917 2434 1105 2463 Bruxellens.
1128 2432 1291 2463 9786--90.
1314 2450 1351 2455 -—
1371 2434 1434 2463 Aus
1451 2434 1517 2462 der-

173 2474 278 2503 selben
299 2474 407 2508 Quane
429 2474 516 2503 Anal.
537 2475 676 2503 Bonane.
699 2475 753 2510 VI,
774 2472 840 2504 358.
860 2490 899 2495 —
920 2472 974 2510 Sa,
995 2472 1016 2502 4
1035 2474 1152 2502 frontis.

1285 2520 1344 2550 15*
