1656 2690
732 151 993 187 -164—

195 250 215 281 2
230 258 259 281 a.
286 249 376 281 Haec
405 249 483 288 dies,
511 257 606 289 quam
630 248 789 282 Dominus
890 249 949 283 2b.
978 248 1126 282 Gaudeat
1152 248 1324 291 plebecula

280 295 379 337 Deus,
407 306 464 330 rex
490 297 692 338 interminus,
975 297 1066 329 Haec
1090 299 1123 330 in
1150 299 1211 330 hac
1236 296 1373 336 diecula,

329 344 470 377 Fecerat
493 354 514 377 a
537 345 677 378 saeculo.
1024 346 1094 385 Qua
1119 346 1225 378 carnis
1251 343 1413 386 ergastulo

193 414 252 445 3a.
280 412 501 453 Triumphatis
527 412 660 444 hosticis
888 413 948 446 3b.
975 413 1145 446 Rutilante
1170 414 1292 453 laurea,

279 460 380 492 Minis
405 461 604 501 Adrianicis‚
977 460 1113 493 Scandit
1138 462 1172 493 in
1197 461 1351 493 aetherea

329 507 417 549 Syrti
443 509 606 541 senatoria
1025 508 1133 549 Digna
1160 518 1231 541 cum
1256 508 1393 540 victoria

190 578 251 608 42.
281 575 339 608 Vir
365 585 498 618 magnus
524 576 731 616 Eumenius,
887 576 947 610 4b.
975 576 1036 616 Qui
1061 578 1209 616 polorum
1234 576 1363 617 agmina

278 623 351 656 Non
377 633 549 664 pressurus
574 624 713 665 amplius
977 624 1053 657 Cum
1081 631 1240 657 terrarum
1267 624 1419 656 machina

326 672 438 705 Nobili
464 673 610 714 collegio,
1019 671 1193 706 Illustrant
1217 673 1384 713 martyrio.

192 742 252 773 5a.
278 741 443 773 Aeternae
469 741 555 773 vitae
578 739 762 780 complices,
887 741 947 775 5b.
976 740 1053 773 Sitis
1080 742 1167 782 apud
1191 741 1363 773 Dominum

279 789 347 821 Vos
373 798 544 828 precamur
568 788 731 829 supplices
974 789 1135 822 Memores
1161 790 1226 821 iam
1250 789 1414 821 hominum

329 838 458 870 Nostris
483 846 543 878 pro
569 836 763 881 excessibus,
1019 837 1141 878 Regnis
1166 838 1200 869 in
1227 837 1430 871 caelestibus

257 894 341 922 Miss
364 902 417 922 ms.
438 895 731 922 Mosaetraiectinum
753 903 828 922 saec.
847 892 891 922 15.
919 893 989 922 Cod.
1005 894 1121 930 Hagen.
1134 895 1151 922 Ι
1167 892 1211 922 10.
1234 910 1268 913 -
1290 892 1345 928 4b,
1362 892 1377 922 1
1393 894 1460 922 Cui.
1474 910 1513 914 -——

181 932 312 960 Melodie
327 932 502 968 jedenfalls:
523 933 620 961 Veni
641 935 770 960 sancte
791 934 963 969 spiritus.

638 1025 700 1057 185.
730 1026 775 1058 De
795 1027 904 1058 sancto
925 1026 1054 1057 Evasio.

195 1100 254 1132 la.
283 1099 373 1132 Caeli
397 1098 502 1140 iubar,
526 1098 639 1131 mundi
663 1098 782 1141 lumen,
885 1098 943 1132 1b.
970 1099 1061 1131 Inter
1086 1102 1175 1131 astra
1200 1099 1322 1131 micans
1348 1100 1426 1143 poli,

277 1148 317 1180 In
327 1155 388 1187 quo
398 1146 813 1190 splendetGhristinumen‚
969 1146 1058 1179 Rosa
1084 1156 1231 1188 vernans,
1260 1147 1358 1188 digna
1383 1148 1455 1192 coli,

326 1195 422 1228 Nunc
446 1194 550 1236 fulget
572 1194 731 1227 Evasiusr
1021 1194 1151 1228 Gaudet
1175 1195 1356 1236 gloriosius.

190 1265 251 1297 2a.
279 1262 399 1295 Noster
424 1264 540 1295 chorus
883 1262 944 1296 ab.
973 1262 1054 1294 Nisu
1078 1265 1158 1304 toto,

278 1310 329 1343 Sit
352 1319 496 1349 sonorus,
973 1309 1087 1343 Cordis
1113 1314 1188 1343 voto

323 1358 504 1392 Decoratus
1018 1358 1254 1401 Supplicemus‚

323 1406 369 1439 Et
395 1408 523 1440 dotatus
1017 1406 1122 1440 Melos
1149 1408 1261 1440 demus

373 1454 424 1488 De
447 1458 580 1496 pastore
603 1455 731 1495 inclit03
1065 1456 1153 1488 Ante
1176 1456 1280 1488 Deum
1305 1456 1423 1497 posito.

190 1526 249 1558 3a.
278 1523 416 1564 Septena
445 1523 601 1555 daemonii
881 1524 941 1557 3b.
967 1524 1098 1556 Virtute
1122 1524 1244 1556 oraculi

276 1572 340 1604 Per
365 1580 478 1611 preces
503 1571 616 1604 Evasii
969 1572 1094 1613 Dignus
1119 1573 1251 1613 praesul
1274 1573 1387 1613 populi

328 1619 438 1652 Virtus
466 1619 641 1660 effugatum
1018 1621 1167 1653 Astensis
1193 1624 1350 1656 sacratur.

186 1690 246 1722 4a.
274 1688 403 1721 Pestem
429 1697 544 1719 vanam
882 1688 941 1722 41³.
969 1688 1052 1721 Nam
1080 1690 1189 1721 vesani

273 1735 439 1779 Arianam,
968 1736 1013 1769 Et
1037 1736 1168 1777 profani

322 1785 410 1818 Vasa
432 1784 546 1817 mortis
1015 1785 1140 1818 Lumen
1165 1785 1226 1818 Dei

322 1834 415 1873 Pugil
441 1831 535 1865 fortis
1017 1833 1131 1866 Mente
1156 1834 1204 1866 rei

370 1880 512 1914 Damnat
536 1879 637 1913 fultus
657 1880 811 1922 caelitus3
1067 1880 1279 1923 Respuebant
1301 1884 1442 1923 penitus,

189 1952 250 1983 5a.
276 1950 378 1990 Virga
401 1948 520 1981 florens
545 1948 719 1989 pastoralis
883 1951 942 1984 5b.
970 1950 1092 1982 Tentus
1118 1952 1222 1983 lassus
1248 1951 1422 1995 affligatur,

276 1998 449 2042 Monstrat,
477 1998 563 2029 intus
591 1999 661 2028 erat
686 1997 800 2039 qualis„
968 1999 1008 2030 In
1034 2007 1205 2031 cavernam
1230 2000 1279 2031 sic
1302 2000 1452 2046 iactatur,

321 2046 422 2078 Totus
447 2054 585 2086 namque
610 2043 755 2079 floridus.
1018 2047 1084 2080 Sed
1108 2050 1219 2080 manet
1242 2048 1437 2089 intrepidus

187 2115 246 2148 62.
273 2113 364 2146 Inter
388 2115 498 2154 spinas
524 2113 627 2145 lilium
883 2115 940 2149 cb.
968 2115 1057 2147 Rosa
1082 2115 1202 2148 rubens
1227 2117 1394 2158 sanguine,

276 2161 349 2194 Stat
374 2165 565 2202 exspectans
593 2161 746 2205 gladium,
971 2162 1106 2197 Gemma
1130 2163 1257 2205 fulgens
1281 2165 1404 2197 lumine

321 2209 385 2241 Pro
407 2209 472 2243 fide
496 2212 673 2251 mactatum
1016 2213 1056 2244 In
1083 2213 1172 2245 caelo
1197 2213 1335 2247 locatur.

191 2279 249 2312 7a.
275 2277 352 2310 Dux
377 2277 519 2310 crudelis
883 2279 941 2313 7b.
968 2279 1203 2320 Luitprandus‚

274 2325 332 2358 Fit
354 2324 470 2370 fidelis,
969 2328 1041 2360 Rex
1066 2328 1233 2371 amandus,

320 2374 535 2412 Excaecatur,
1018 2375 1151 2409 Fundat
1175 2377 1288 2409 aedem

320 2423 509 2456 illustratur
1018 2423 1140 2456 Christi
1166 2425 1277 2458 sedem

371 2471 494 2505 Terrae
518 2480 578 2512 per
603 2470 799 2512 suffragium.
1066 2472 1179 2506 Victor
1204 2483 1264 2515 per
1288 2476 1455 2511 Evasium.
