1656 2690
675 133 718 137 —-
771 112 936 147 254—-

148 210 206 242 7a.
234 210 366 242 Prosint
388 209 515 249 merita,
843 208 902 242 7b.
929 208 1043 250 Nobis,
1070 211 1106 240 ut
1131 217 1209 240 vera

237 258 338 299 virgo,
365 265 451 288 nunc
476 259 540 295 tua,
927 255 1114 288 innocentia

235 314 318 346 quae
344 305 496 336 caelestia
931 306 1028 343 atque
1053 303 1178 343 puritas

237 352 453 386 conscendisti
477 353 519 385 ad
546 352 640 394 atria,
929 351 964 383 in
988 351 1082 384 nobis
1107 359 1237 391 semper
1262 351 1383 391 vigeat,

660 421 693 455 8.
720 419 766 453 Ut
788 423 896 452 tecum
918 419 987 451 vita

721 477 890 509 regnemus

718 518 752 549 in
777 520 953 550 aeternum.

212 574 300 610 Trcp.
323 582 376 602 ms.
393 574 555 603 Casinense
570 582 646 602 saec.
664 572 708 601 12.
726 574 765 602 in.
798 573 868 601 Ood.
885 573 1021 602 Oasinen.
1038 571 1102 601 546.
1124 587 1161 591 ——
1183 570 1236 607 51),
1252 570 1270 599 2
1290 580 1351 600 non
1365 571 1402 599 de
1415 572 1470 600 Hs.

551 667 620 699 294.
650 668 695 699 De
719 669 832 700 sancta
852 667 1059 700 Scholastica.

147 739 206 773 la.
234 738 467 771 Scholasticam
494 739 723 782 collaudemus,
845 739 900 773 lb.
928 739 967 771 In
992 742 1099 771 aetate
1125 748 1206 779 quae
1231 739 1342 780 puella

234 787 361 820 Christo
386 788 498 820 laudes
525 788 730 821 decantemus
928 787 1052 820 Cuncta
1077 787 1154 820 vicit
1179 788 1285 820 carnis
1311 787 1408 829 bella,

283 835 418 875 Semper
444 845 515 868 cum
540 836 675 879 laetitia,
976 835 1104 868 Blanda
1126 836 1239 868 mundi
1265 835 1374 868 fortia.

149 903 209 936 aa.
237 903 395 936 ordinata
419 904 564 943 caritate,
840 903 898 936 ab.
928 903 1057 936 Ardens
1083 904 1170 936 intus
1200 903 1346 943 caritate,

235 951 394 992 Virginali
419 953 570 994 puritate,
926 951 1022 983 Foris
1049 951 1174 992 fulgens
1199 952 1369 983 honestate

282 999 379 1031 Velut
398 1009 475 1031 rosa
497 999 616 1042 floruit,
975 1000 1084 1032 Instar
1110 999 1188 1031 solis
1212 999 1309 1032 radii.

149 1067 208 1099 aa.
236 1066 344 1099 Sacris
366 1066 491 1099 instans
520 1068 730 1108 documentis,
841 1067 898 1101 3b.
929 1066 1006 1100 Cum
1032 1068 1188 1100 virtutum
1213 1066 1413 1099 indefessum

237 1114 426 1147 Consolator
450 1115 590 1148 mundae
615 1116 731 1147 mentis
927 1115 1098 1148 Benedicti
1122 1114 1192 1155 figit
1214 1124 1360 1156 gressum

280 1163 376 1196 Hanc
399 1163 522 1195 solatur
548 1164 689 1207 saepius,
978 1164 1095 1196 lmbris
1121 1163 1334 1196 vehementia.

149 1231 208 1264 4a.
236 1230 324 1263 Caeli
349 1239 505 1270 gemmam
534 1231 728 1271 singularem
842 1232 902 1266 412.
932 1231 1021 1263 Inter
1046 1234 1134 1263 astra
1162 1231 1319 1263 collocata

234 1278 328 1311 Hanc
352 1280 503 1318 provexit
527 1279 569 1312 ad
594 1279 746 1311 honorem
931 1280 975 1313 Ut
1002 1280 1150 1311 columba
1176 1279 1329 1311 dealbata.

282 1327 353 1359 Rex
379 1330 530 1360 aeternae
555 1327 687 1368 gloriae.
978 1327 1067 1360 Caeli
1092 1327 1180 1361 subit
1206 1329 1342 1361 moenia.

148 1395 207 1428 52..
234 1394 323 1426 Inter
349 1395 489 1434 quinque
512 1394 676 1434 sapientes
844 1396 902 1429 5b.
929 1394 1045 1427 Laude
1067 1396 1155 1427 lucet
1181 1395 1331 1427 trabeata.

235 1442 365 1474 Puellas
392 1442 475 1474 hanc
500 1445 692 1483 reponentes
929 1442 1141 1483 Scholastica,
1170 1442 1300 1476 Christo
1326 1446 1420 1483 grata

284 1490 481 1522 Veneremur
505 1490 667 1526 laudibus.
978 1491 1025 1524 Ob
1052 1492 1208 1524 virtutum
1233 1491 1352 1524 studia.

154 1558 173 1590 6
186 1567 216 1590 a.
242 1557 342 1590 Sacer
359 1566 437 1597 grex
454 1562 638 1590 sanctorum
655 1560 773 1599 gaudet
842 1560 902 1593 61).
929 1560 1128 1600 Angelorum
1156 1567 1287 1592 consors
1313 1558 1411 1603 facta,

237 1605 438 1646 caelestique
463 1607 560 1639 laude
584 1607 720 1646 plaudet
931 1608 1031 1648 Virgo
1057 1607 1212 1650 prudens,
1241 1617 1299 1640 nos
1326 1608 1448 1648 adapta

283 1654 334 1686 De
358 1654 493 1696 virginis
521 1655 643 1696 gloria3
980 1655 1108 1688 Christo
1134 1655 1197 1687 Dei
1221 1655 1300 1689 filio.

152 1723 210 1756 7a.
237 1722 475 1763 Supplicamus,
504 1732 562 1755 nos
588 1726 680 1755 tuere
844 1724 904 1758 7b.
930 1723 1040 1756 Mater
1065 1724 1159 1766 bona,
1190 1724 1311 1756 crimen
1337 1726 1421 1765 tege,

236 1769 282 1803 Et
305 1773 443 1811 peccata
467 1770 522 1804 fac
544 1771 669 1810 timere,
930 1770 1063 1804 Victum
1090 1772 1186 1814 dona,
1212 1782 1320 1805 mores
1346 1781 1434 1815 rege,

237 1819 346 1852 Mater
371 1819 465 1861 bona,
493 1818 605 1852 confer
629 1828 706 1852 vere
932 1819 984 1852 Ne
1010 1821 1198 1853 damnemur
1223 1822 1314 1862 gravi
1340 1821 1413 1862 lege

283 1868 424 1908 Tempus
449 1868 680 1909 indulgentiae.
981 1869 1087 1902 Causa
1111 1869 1346 1910 neglegentiae.

148 1937 207 1970 8a.
234 1935 306 1980 Eia,
334 1938 448 1978 mater,
473 1946 531 1969 nos
557 1945 703 1977 agnosce,
842 1937 901 1971 8·b.
929 1936 976 1969 Ut
998 1940 1162 1969 consortes
1188 1940 1264 1970 tuae
1288 1938 1388 1971 sortis

234 1984 335 2017 Libro
362 1984 448 2016 vitae
473 1994 530 2017 nos
559 1985 707 2026 deposce,
928 1984 976 2018 Et
1000 1995 1020 2017 a
1045 1985 1158 2026 poenis
1185 1988 1219 2017 et
1243 1996 1262 2019 a
1286 1987 1391 2027 portis

284 2032 361 2065 Cum
389 2033 500 2065 electis
525 2033 635 2072 inseri,
977 2033 1141 2066 Eruamur
1165 2033 1274 2068 inferi.

216 2089 356 2126 sequent,
375 2099 426 2118 ms.
449 2090 632 2119 Sublacense
645 2099 722 2119 saec.
737 2088 781 2119 15.
812 2090 882 2119 Cod.
898 2091 1055 2121 Sublacen.
1071 2092 1210 2121 CLXVII
1220 2090 1280 2127 (bei
1292 2091 1469 2122 Mazzatinti

141 2126 216 2163 171).
236 2143 275 2148 —
299 2128 353 2164 lb,
366 2126 384 2156 3
405 2128 447 2156 Et
467 2129 585 2157 blanda.
601 2144 638 2149 —
660 2127 712 2164 31),
729 2129 744 2157 1
766 2130 821 2157 Tu.
835 2145 873 2149 —
888 2128 941 2164 3b,
956 2128 974 2157 2
994 2130 1070 2168 figis.
1084 2147 1123 2151 —
1143 2130 1202 2159 Str.
1216 2129 1235 2159 8
1257 2130 1391 2159 entlehnt
1405 2140 1471 2160 aus:

137 2167 265 2198 Gaude
284 2167 376 2196 Sion
395 2168 492 2203 quod
512 2177 701 2206 egressus.

556 2251 623 2283 295.
654 2251 699 2283 De
719 2253 827 2284 sancto
849 2253 1048 2286 Sebastiano.

597 2314 628 2348 1.
657 2315 740 2356 Ave,
766 2316 944 2357 praeclare,

659 2363 758 2396 Miles
785 2365 818 2394 et
839 2366 966 2404 martyr
992 2372 1076 2404 care,

657 2411 803 2444 Virtutes
825 2420 934 2443 amare

702 2459 781 2503 Fac,
809 2459 1008 2495 Sebastiam.
