1656 2690
126 240 187 273 2a.

125 405 187 440 322.

122 571 187 603 4a.

125 736 188 768 5a.

123 900 183 932 6a.

123 1209 185 1241 Va.

119 1373 178 1406 ea.

115 1538 177 1573 ea.

666 165 710 170 --
768 146 928 182 163-

214 239 288 273 Hae
319 245 395 275 sunt
420 242 496 274 novi
521 241 599 275 Sion
624 241 731 284 flores,

216 289 756 329 Quaecunctorumformantmores

263 338 423 380 Virginali
449 338 593 383 foedere,

215 406 341 439 Harum
369 407 448 440 duas
476 407 682 451 christianus,

215 453 305 487 Duas
331 463 469 496 nequam
500 460 532 488 et
556 465 695 489 vesanus

262 503 411 536 Idolatra
436 505 556 545 genuit,

215 569 342 603 Furens
369 571 482 614 saevit,
508 572 627 605 cedunt
649 577 754 612 natae,

213 618 351 660 Flagrat
376 620 478 662 magis
500 622 549 653 vis
575 621 707 654 innatae

263 667 394 709 Flagris
420 669 500 701 trita
524 667 613 702 fidei.

220 736 275 767 Vis
303 735 475 768 verborum
501 736 619 776 probat
644 735 752 778 fidem,

213 782 320 815 Verbo
345 792 486 824 namque
511 792 624 816 servus
650 785 737 817 idem

259 831 377 865 Statim
405 832 501 864 datur
526 831 645 865 funeri.

210 899 325 932 Hostis
350 900 446 941 proli,

209 947 329 980 Servus
357 948 434 992 doli,

257 996 379 1029 Factus
407 996 510 1030 frater
531 998 675 1041 sceleris,

208 1044 327 1078 Tradit
351 1048 444 1078 natas

209 1093 279 1125 Iam
305 1096 435 1126 renatas

257 1142 416 1174 Potestati
444 1142 602 1176 Caesaris.

213 1209 293 1241 Post
317 1209 459 1242 abscidit
484 1210 535 1242 his
561 1210 722 1243 mamillas

206 1256 252 1289 Et
274 1266 336 1298 per
360 1257 474 1290 urbem
499 1258 603 1290 trahit
626 1258 701 1291 illas

255 1305 366 1346 Stirpe
392 1309 485 1339 natas
513 1307 646 1340 celebri.

206 1373 233 1405 T
237 1383 299 1406 nnc
315 1374 374 1407 has
392 1377 489 1414 pater
508 1375 638 1407 domum
657 1375 752 1408 duxit

204 1422 346 1462 Intrans,
363 1423 430 1455 illis
446 1433 541 1464 quam
557 1425 748 1466 construxit,

255 1471 292 1504 In
319 1472 446 1513 turrim,
474 1481 680 1513 magnopere.

205 1539 274 1572 Has
299 1539 444 1572 ostendit
467 1538 542 1572 finis
569 1541 616 1572 rei

202 1588 310 1622 Patris
337 1597 408 1621 esse
433 1591 563 1621 sanctas
588 1588 652 1621 Dei

251 1637 296 1669 Et
320 1637 421 1669 turris
448 1638 635 1681 destructio,

825 245 886 278 2b.

824 409 873 442 31>

823 573 883 607 4b.

823 737 883 772 5b.

822 901 883 936 6b.

821 1210 879 1244 7b.

817 1375 879 1408 Sb.

818 1539 878 1573 eb.

912 245 951 278 In
977 247 1084 279 aetate
1110 246 1187 279 dum
1211 245 1334 279 tenella

911 294 996 326 Fide
1023 295 1096 327 dira
1122 294 1257 328 vincunt
1281 295 1379 337 bella,

962 342 1090 384 Cogunt
1116 343 1246 376 Christo
1273 343 1415 378 credere.

914 410 999 450 Quas
1027 419 1097 442 cum
1124 411 1215 443 novit
1240 410 1436 454 baptizataS,

914 458 1042 491 Christo
1068 468 1187 499 sponso
1215 462 1431 501 consecratas,

960 505 1018 539 Ira
1042 504 1184 540 fremens
1210 507 1341 549 gemuit.

913 573 1056 614 Sequens
1081 574 1125 607 ad
1151 576 1296 615 germani
1321 574 1428 608 tendit

911 621 1062 663 Domum,
1089 631 1202 655 servus
1225 623 1284 655 has
1310 624 1455 657 ostendit

959 669 1077 710 Spreto
1105 671 1196 703 cultu
1219 670 1308 705 fidei.

912 737 1036 770 Parens
1061 741 1155 771 natas
1179 747 1252 771 cum
1276 739 1449 781 germanis,

910 785 1018 818 Furor
1042 794 1136 827 quem
1163 789 1261 819 vexat
1285 788 1403 827 inanis,

955 832 1060 867 Domo
1088 834 1212 867 claudit
1239 834 1381 869 funebri.

911 901 1006 934 Iubet
1031 909 1085 934 eas

909 949 1008 989 Quasi
1031 957 1103 982 reas

957 998 1058 1032 Caedi
1085 998 1202 1031 timens
1227 1007 1384 1044 parcere3

909 1046 1046 1078 Praeses
1074 1054 1185 1079 caesas

907 1094 973 1127 Sed
998 1095 1128 1127 illaesas

955 1143 1093 1175 Demum
1120 1143 1243 1176 claudit
1269 1151 1409 1176 carcere.

906 1210 1053 1243 Tandem
1079 1210 1170 1243 iubet
1193 1210 1253 1243 has
1279 1210 1396 1251 punire

907 1258 1036 1300 Gladio,
1066 1268 1145 1300 quas
1171 1260 1242 1291 vult
1267 1258 1362 1291 finire

954 1307 1064 1341 Vitam
1089 1311 1194 1340 morte
1221 1307 1330 1340 celeri.

907 1375 1043 1415 Quintus
1069 1375 1125 1407 ‘nic
1148 1374 1183 1408 in
1211 1376 1306 1408 domo
1330 1375 1421 1407 visus

904 1422 950 1455 Et
973 1423 1009 1455 in
1035 1426 1188 1465 quattuor
1215 1423 1338 1456 divisus

953 1471 1060 1505 Necat
1085 1474 1214 1504 sanctas
1241 1480 1393 1514 propere,

905 1539 1071 1581 Praeceps
1086 1539 1191 1580 pestis
1204 1547 1448 1581 perversorum,

905 1587 956 1620 De
982 1588 1116 1621 Natissa
1142 1588 1383 1621 submersorum

956 1637 1136 1678 Corporum
1159 1638 1318 1672 reductio.

109 1705 151 1737 10
161 1714 190 1740 a.
207 1704 453 1745 Coniunguntur
484 1714 572 1738 nunc
595 1705 631 1738 in
657 1706 747 1738 caelo
808 1705 891 1739 lob.
907 1705 1044 1747 Harum,
1071 1704 1209 1750 Christe,
1236 1713 1336 1747 prece
1361 1706 1417 1746 pia

110 2385 171 2416 la.

205 1753 345 1794 Christo,
374 1754 463 1786 cuius
490 1763 606 1794 passae
631 1754 701 1786 zelo

254 1802 492 1835 Conculcantes
517 1802 640 1835 lolium.

905 1753 1102 1787 Gradientes
1127 1754 1216 1787 vitae
1242 1754 1296 1786 via

951 1802 1026 1835 Duc
1051 1802 1094 1835 ad
1121 1802 1204 1836 caeli
1230 1802 1356 1836 solium.

181 1880 272 1916 Trop.
300 1882 331 1907 et
351 1879 493 1916 Sequent.
522 1886 577 1907 ms.
598 1879 786 1908 Civitatense
810 1888 889 1908 saec.
919 1877 965 1907 14.
1005 1879 1080 1908 God.
1109 1879 1270 1908 Civitaten.
1291 1878 1363 1906 LVI
1385 1876 1450 1914 420).

105 1919 137 1947 A.
159 1934 199 1938 —
218 1918 305 1947 Miss.
326 1928 380 1947 ms.
404 1919 590 1947 civitatense
610 1927 688 1947 saec.
711 1918 757 1947 14.
779 1918 851 1948 God.
875 1919 1034 1947 Civitaten.
1049 1916 1245 1953 LXXX(13).
1260 1918 1293 1946 B.
1308 1917 1448 1946 *Ga-ad.

102 1967 156 1986 ms.
179 1958 366 1987 Civitatense
387 1966 465 1986 saec.
492 1956 534 1986 14.
558 1959 597 1985 in.
621 1958 694 1987 Cod.
718 1957 877 1987 Civitaten.
898 1958 1010 1987 LVIII.
1034 1958 1065 1987 G.
1089 1973 1125 1977 ——
1147 1957 1236 1987 Grati.
1259 1966 1312 1985 ms.
1335 1956 1448 1985 Civita-

102 2001 188 2026 tense
208 2005 286 2026 saec.
314 1995 359 2026 14.
395 1997 466 2026 Cod.
490 1997 650 2026 Civitatem
671 1997 812 2026 LXXIX.
833 1997 872 2026 D.
892 2011 932 2016 ——
951 1998 1041 2034 Trop.
1067 1999 1096 2026 et
1115 1997 1256 2032 Sequent.
1279 2005 1334 2025 ms¹
1355 1996 1448 2033 Aqui-

101 2037 235 2073 Iegiense
256 2045 334 2066 saec.
351 2036 425 2067 Μ115.
459 2036 528 2066 Cori.
545 2036 707 2065 seminarii
729 2036 878 2065 Gor-icien.
898 2036 922 2065 Ι.
943 2036 980 2065 Ε.
1002 2052 1040 2056 -
1063 2036 1116 2071 lb,
1136 2036 1156 2065 4
1177 2036 1337 2072 collegium
1361 2034 1394 2064 G.
1408 2051 1447 2056 ›—

103 2074 154 2111 2a,
173 2074 188 2103 1
211 2084 308 2105 novae
329 2075 444 2104 ABCD.
466 2091 505 2096 -—
527 2074 578 2110 Za,
595 2074 613 2103 2
634 2079 807 2105 cunctarum
821 2076 858 2104 E.
881 2090 919 2096 —-
941 2074 994 2109 71),
1010 2073 1028 2103 3
1050 2075 1161 2105 celebri
1174 2074 1292 2103 ABCD.
1311 2089 1349 2094 ——
1364 2073 1415 2111 91),
1434 2073 1448 2102 1

102 2116 209 2144 Preces
230 2115 268 2143 E.
298 2130 338 2135 —
369 2114 424 2149 9b,
446 2113 464 2143 2
484 2115 609 2144 Naiissa
628 2127 668 2138 ==
687 2116 736 2144 die
762 2115 855 2143 durch
878 2114 1014 2144 Cividale
1041 2112 1196 2144 fliessende
1217 2115 1388 2143 Natissone.
1410 2129 1448 2134 —

99 2155 173 2183 Man
193 2155 309 2184 konnte
330 2155 473 2183 versucht
495 2156 569 2189 sein,
591 2153 635 2183 62.
650 2155 711 2182 und
727 2152 769 2183 61>
784 2156 816 2183 in
826 2154 859 2190 je
872 2153 891 2182 2
905 2153 1207 2191 correspondierende
1219 2153 1449 2189 Halbstrophen

99 2203 138 2222 zu
160 2195 314 2231 zei-Iegem
336 2194 385 2223 die
404 2193 537 2223 Melodie
559 2194 632 2222 aber
651 2194 792 2230 verlangt
812 2193 861 2222 die
881 2194 1055 2231 vorgelegte
1073 2194 1220 2230 Fassung.

535 2299 597 2332 184.
630 2300 674 2331 De
695 2300 806 2331 sancto
826 2298 1008 2332 Eustachio.

198 2381 306 2417 Adest
333 2382 401 2414 dics
428 2382 563 2423 gloriae,

197 2430 276 2463 Dies
306 2431 572 2472 complacentiae‚

247 2479 351 2512 Plena
373 2480 438 2513 Dei
463 2481 580 2522 gratia,

818 2381 878 2416 11).
904 2381 995 2424 Dies,
1019 2382 1161 2425 inquam,
1190 2379 1332 2424 luminis,

901 2430 1031 2472 Expers
1058 2431 1139 2463 haec
1166 2428 1324 2471 caliginis,

951 2480 1038 2513 Vere
1063 2478 1134 2512 dies
1159 2478 1261 2519 regia.

1209 2532 1269 2564 11*
