1656 2690
714 141 973 175 —214-

188 239 207 270 5
223 247 252 272 a.
279 237 389 277 Plagis
414 235 550 275 vapulat
573 235 707 277 severis,
882 237 939 270 5b.
965 237 1072 269 Ferae
1096 238 1186 278 signo
1214 235 1319 268 crucis
1346 235 1416 266 viso

276 282 491 317 Devorandus
514 282 611 314 datur
636 281 716 315 feris
970 284 1198 317 Conticescunt
1222 287 1255 315 et
1277 284 1508 315 mansuescunt

323 331 418 364 Ursis
444 332 478 361 et
501 329 659 364 leonibus
1019 332 1230 366 Blandientes
1255 330 1399 363 nutibus.

188 401 250 432 6a.
275 398 348 430 Hoc
373 399 520 438 spectato
546 397 638 429 multi
667 397 805 430 credunt
884 399 945 433 6b.
973 399 1090 432 Omnes
1115 399 1170 431 isti
1197 396 1371 430 confortati

277 446 387 486 Atque
411 444 534 485 Magno
560 444 780 477 adhaeserunt
970 447 1055 479 Fide
1081 447 1213 489 Christi,
1239 454 1298 486 spe
1326 445 1441 478 armati

325 494 402 526 Plus
431 501 526 533 quam
554 493 616 525 duo
639 493 741 526 milia.
1019 494 1173 527 Riserunt
1198 493 1371 534 supplicia.

189 563 250 595 7a.
276 561 362 594 Fide
385 560 483 602 firmi,
512 568 571 600 spe
596 560 732 602 robusti,
886 561 944 596 7b.
972 561 1074 594 Simul
1098 569 1209 594 omnes
1235 560 1438 594 decollantur

274 610 460 650 Nonaginta
486 613 518 642 et
543 609 711 650 quingenti
970 609 1016 642 Et
1038 609 1073 642 in
1100 610 1197 642 caelis
1224 612 1420 642 coronantur

322 659 431 699 Atque
458 657 521 690 duo
545 657 635 690 milia
1019 658 1127 691 Multa
1150 661 1226 699 post
1249 658 1402 692 ludibria.

189 727 250 760 Sa.
276 726 416 768 Magnus
442 728 559 769 autem,
590 725 654 758 dux
681 734 801 767 eorum,
884 726 945 759 8b.
972 726 1153 766 Lapidatus
1180 729 1229 758 est
1255 735 1405 758 coronam

276 776 356 808 Post
380 774 579 814 triumphum
605 774 781 814 gloriosum
970 774 1024 806 Sic
1048 774 1186 814 adeptus
1212 774 1384 815 gloriosam

323 823 571 862 Martyrumque
595 821 731 862 gloriam
1018 823 1153 855 Laetam
1179 825 1212 854 et
1236 822 1417 857 victoriam.

188 892 249 925 9a.
276 890 412 922 Sanetus
437 888 509 929 iste,
537 889 612 921 Iesu
638 887 776 931 Christe,
882 889 941 924 9b.
970 889 1015 922 Ut
1040 889 1160 929 ereptis
1185 898 1291 929 poena
1315 890 1428 922 mortis

274 938 351 970 Tibi
376 945 479 977 carus,
506 936 721 976 obsecramus,
968 938 1038 970 Iam
1064 936 1167 970 felicis
1193 946 1270 970 suae
1295 938 1392 969 sortis

324 986 479 1018 Nostrum
504 987 613 1017 servet
640 984 770 1026 exitum,
1016 985 1119 1018 Nobis
1145 988 1291 1026 praestet
1315 986 1450 1018 aditum.

256 1063 345 1091 Grad.
370 1069 425 1089 ms.
446 1061 683 1089 Monasteriense
703 1070 780 1090 saec.
805 1059 849 1090 15.
866 1060 1096 1098 (Privatbesitz).
1125 1077 1162 1081 -
1191 1060 1239 1096 la,
1262 1060 1280 1089 2
1299 1061 1319 1089 1.
1341 1061 1508 1089 vielleicht:

176 1103 275 1130 Huius
299 1101 377 1135 festi,
403 1109 454 1127 um
480 1100 537 1127 den
557 1098 749 1128 Binnenreim
774 1109 812 1128 zu
837 1100 960 1128 wahren
979 1100 1049 1137 (vgl.
1070 1101 1190 1138 Anfang
1207 1109 1268 1128 von
1289 1100 1375 1128 Anal.
1397 1100 1507 1136 Hymn.

176 1141 259 1175 VIH‚
283 1141 336 1169 Nr.
358 1136 432 1174 190).

638 1231 706 1263 245.
737 1230 782 1263 De
803 1232 913 1263 sancto
934 1231 1047 1263 Marco.

186 1306 246 1340 ia.
277 1307 347 1339 Vox
372 1313 489 1338 sonora
514 1304 616 1336 nostri
643 1304 733 1337 chori
883 1304 942 1337 lb.
970 1304 1033 1336 Per
1058 1312 1152 1344 quem
1176 1303 1230 1335 hio
1255 1304 1455 1345 evangelista

274 1353 395 1386 Nostro
421 1355 514 1384 sonet
538 1352 709 1394 conditori,
969 1351 1111 1392 Marcus,
1137 1352 1269 1392 praesul
1294 1352 1399 1384 clarus
1426 1352 1506 1395 vita,

324 1402 385 1441 Qui
412 1400 556 1440 disponit
580 1400 707 1441 omnia;
1017 1400 1144 1441 Pugnat
1169 1409 1241 1432 cum
1265 1400 1413 1433 victoria.

189 1483 247 1513 2a.
276 1478 488 1512 sacerdotum
514 1476 617 1517 stirpe
640 1480 736 1509 natus
881 1476 943 1512 2b.
969 1478 1000 1510 A
1026 1486 1088 1518 quo
1113 1478 1210 1518 plene
1235 1477 1381 1509 eruditus

274 1528 386 1559 Aaron
409 1527 484 1564 post
508 1527 557 1556 est
582 1524 710 1557 oblatus
970 1525 1076 1566 Digne
1101 1525 1164 1558 fuit
1187 1525 1358 1566 insignitus

323 1575 422 1607 Petro
447 1573 482 1604 in
507 1572 721 1617 baptismate,
1015 1574 1114 1606 Sacro
1142 1574 1334 1608 diademate.

186 1654 247 1686 3a.
273 1652 337 1685 Hic
362 1652 412 1684 vir
439 1653 547 1682 tantae
574 1650 740 1692 dignitatis
879 1651 939 1685 3b.
967 1652 1059 1691 Quod
1085 1661 1105 1683 a
1129 1653 1226 1685 Petro
1251 1651 1467 1693 adprobatum

276 1700 359 1733 Prae
383 1699 512 1732 fervore
539 1699 683 1731 caritatis
967 1701 1030 1734 Est
1055 1700 1213 1733 ecclesiae
1240 1701 1393 1733 donatum

324 1747 463 1789 Scripsit
487 1747 697 1791 evangelium,
1016 1748 1172 1789 Magnum
1195 1749 1230 1782 in
1256 1750 1414 1785 exenium.

188 1828 250 1860 4a.
277 1826 364 1859 Hinc
388 1825 432 1859 ad
457 1825 557 1857 Italos
585 1824 727 1857 directus
881 1826 941 1859 4b.
968 1827 1069 1867 Quam
1095 1835 1167 1858 cum
1191 1826 1291 1859 verbo
1319 1827 1492 1867 docuisset,

274 1873 469 1908 Patriaroha
493 1877 544 1906 est
568 1872 699 1905 effectus
969 1875 1076 1915 Signis
1103 1875 1199 1907 claris
1223 1875 1430 1916 illustrasset,

322 1923 463 1964 Magnae
485 1921 694 1962 Aquilegiae;
1015 1922 1159 1963 Reliquit
1182 1924 1413 1964 Hermagorae.

188 2003 249 2034 5a.
276 2001 360 2034 Inde
384 2000 519 2033 Romam
542 2001 618 2039 post
639 2007 799 2040 reversus,
884 1999 945 2033 5b.
971 1999 1077 2032 Tanta
1103 1998 1206 2041 fulget
1229 2000 1282 2032 hic
1307 2000 1437 2042 virtute,

274 2050 369 2082 Iussu
395 2047 486 2082 Petri
508 2056 584 2079 mox
611 2055 783 2079 conversus
973 2048 1066 2088 Quod
1091 2048 1265 2081 multorum
1292 2058 1363 2081 cum
1389 2050 1494 2082 salute

325 2096 437 2138 Pergit
459 2095 705 2129 Alexandriam.
1014 2096 1181 2129 Fundavit
1206 2097 1385 2130 ecclesiam.

190 2176 250 2209 6a.
277 2175 303 2208 O
330 2182 424 2215 quam
451 2172 547 2213 digne
564 2174 614 2204 est
629 2173 811 2206 laudandus
880 2174 940 2209 6b.
968 2175 1050 2208 Nam
1078 2185 1157 2216 quos
1183 2175 1292 2208 verbis
1319 2177 1487 2217 edocebat,

275 2223 334 2256 Vir
357 2221 512 2261 excelsus,
541 2221 814 2254 commendandus
971 2224 1122 2256 Studiose
1148 2225 1397 2257 commendabat
1452 2237 1464 2243 ·

321 2271 381 2304 Pio
405 2269 602 2310 magisterio.
1018 2272 1119 2306 Sacro
1144 2273 1350 2306 monasterio.

187 2351 248 2384 7a.
274 2349 328 2382 Ab
353 2349 415 2381 hoc
439 2350 533 2388 patre
558 2348 606 2380 sic
631 2349 736 2381 exorti
883 2350 943 2385 7b.
970 2350 1030 2390 Qui
1055 2350 1186 2382 caelesti
1213 2350 1281 2383 vita
1307 2351 1388 2384 clari

275 2398 507 2432 Monachorum
533 2405 645 2439 greges
672 2398 780 2430 cuncti

323 2446 405 2480 Sunt
427 2444 461 2477 in
481 2445 694 2489 Alexandria,

968 2398 1062 2430 Dono
1088 2397 1216 2439 fulgent
1239 2398 1397 2441 singulari

1018 2447 1057 2479 In
1084 2446 1216 2479 caelesti
1243 2448 1342 2481 curia.
