1656 2690
768 151 936 188 —247
992 173 1034 179 —-

239 249 298 283 5a.
327 248 393 281 Sed
418 248 603 289 Philippus,
629 250 681 282 vir
704 250 850 294 insigniS,
937 251 996 286 5b.
1023 252 1108 284 Dum
1133 253 1240 285 Iesum
1267 252 1398 293 Scythis
1423 251 1562 296 nuntiat,

327 296 441 330 Clarus
467 297 535 330 vita
560 301 659 339 atque
684 299 796 340 signis,
1025 300 1162 333 Saevum
1189 301 1360 333 draconem
1387 300 1515 342 effugat,

374 346 590 379 Praedicator
615 345 772 388 fervidus,
1073 349 1132 381 Vir
1159 350 1254 390 digne
1281 349 1564 384 commendandus.

240 415 301 446 6a.
330 413 501 446 Suscitatis
527 414 576 446 sic
603 413 765 447 defunctis
939 416 999 450 eb.
1027 416 1081 449 Sic
1106 415 1243 450 fundata
1269 418 1406 450 ecclesia

329 462 459 495 Sanatis
485 465 582 504 atque
607 463 770 504 languidis
1025 465 1180 498 Miranda
1205 465 1269 498 Dei
1294 466 1400 507 gratia

375 510 507 543 Sacram
535 520 663 544 crucem
690 512 796 556 erigit,
1074 514 1114 546 In
1136 514 1251 546 Asiam
1276 514 1436 554 pervenit,

240 579 298 612 va.
326 578 391 610 Hic
416 578 577 611 haeresim
604 580 796 621 sacrilegam
938 581 995 615 7b.
1023 582 1103 614 Post
1128 581 1308 614 exhortatis
1333 580 1491 614 fratribus

328 626 499 659 Destruxit
525 637 621 668 quam
645 627 847 661 mortiferam
1026 628 1206 662 Crucifixus
1233 639 1252 662 a
1276 630 1425 670 gentibus

377 675 440 707 Dei
465 676 691 717 providentia,
1072 676 1285 711 Transfertur
1309 678 1343 710 in
1368 678 1483 719 gloria.

237 742 297 775 Sa.
326 743 402 775 Iesu
430 743 534 775 dulcis
561 746 593 775 et
617 743 767 786 benigne,
938 745 1001 778 810.
1029 745 1261 785 Apostolorum
1288 746 1441 786 precibus

325 790 423 822 Cuius
450 800 568 823 nomen
595 794 645 823 est
668 792 795 833 insigne
1025 792 1094 825 Nos
1122 794 1262 826 concede
1288 794 1482 826 caelestibus

371 838 478 870 Dulce
503 838 718 884 salutiferum,
1074 842 1156 874 Frui
1180 842 1215 874 in
1240 846 1445 882 perpetuum.

302 906 389 935 Miss.
410 907 655 935 Praedicatorum
675 908 746 945 imp.
768 909 903 937 Venetiis
927 905 1010 936 1523.

592 1002 660 1033 284.
698 1003 733 1034 In
754 1011 778 1034 s.
801 1003 943 1044 Philippi
966 1002 1003 1034 de
1024 1002 1205 1043 Argirione.

236 1073 297 1107 la.
326 1074 446 1107 Sancte
473 1074 635 1117 Philippe,
937 1074 999 1108 lb.
1027 1074 1088 1114 Qui
1114 1083 1173 1115 pro
1199 1074 1274 1106 Iesu
1298 1074 1428 1106 nomine

374 1121 542 1155 confessor
568 1123 701 1164 Christi,
1074 1122 1204 1155 labores
1230 1123 1409 1164 pertulisti,

236 1191 297 1222 2a.
325 1190 427 1231 Opem
455 1188 568 1222 confer
592 1190 720 1222 miseris
937 1190 996 1225 ab.
1026 1190 1087 1230 Qui
1114 1190 1263 1222 caelestis
1290 1190 1422 1223 luminis

371 1241 469 1279 atque
494 1239 614 1271 mundo
640 1239 741 1280 tristi,
1076 1247 1176 1280 regna
1201 1239 1359 1273 meruisti.

236 1307 297 1340 3a.
324 1306 349 1339 O
378 1304 545 1339 confessor
569 1306 736 1349 Philippe,
937 1307 996 1341 3b.
1025 1308 1093 1340 Fac
1117 1316 1176 1339 nos
1203 1307 1303 1339 corde
1328 1305 1400 1339 fore

370 1364 430 1395 pro
457 1355 631 1387 salvatoris
655 1364 765 1387 amore
1076 1356 1190 1397 dignos
1218 1355 1350 1388 deitatis
1376 1356 1499 1388 honore

232 1424 295 1456 4a.
320 1422 367 1455 Et
391 1423 609 1463 promissione
636 1422 769 1462 Christi,
937 1423 997 1457 41).
1024 1423 1077 1455 Da
1101 1423 1223 1463 populo
1249 1423 1347 1466 tristi,

371 1471 456 1512 quia,
472 1471 559 1512 quod
573 1471 670 1513 petis,
688 1471 867 1504 obtinuisti.
1075 1480 1157 1512 quae
1182 1471 1351 1504 moriendo
1376 1471 1500 1512 petisti,

237 1541 298 1574 5a.
327 1538 447 1572 Confer
471 1539 615 1572 solamen
937 1539 998 1573 5b.
1026 1539 1149 1572 Iudicis
1176 1547 1321 1581 examen,

371 1587 497 1620 meritis
513 1584 573 1633 [et]
587 1588 666 1620 tolle
680 1597 864 1631 gravamen,
1074 1586 1136 1631 fac,
1144 1588 1223 1620 mite
1229 1588 1273 1620 sit
1280 1588 1440 1621 omnibus.
1451 1588 1566 1622 Amen.

223 1655 387 1722 1568Mjss.
410 1655 600 1684 Gallicanum
621 1655 659 1683 ad
679 1655 925 1684 consuet-udinem
947 1656 1142 1684 ecclesiarum
1157 1654 1326 1684 Sicularum
1346 1656 1418 1692 imp.
1434 1656 1569 1684 Venetiis

421 1789 492 1823 285.
528 1790 564 1822 In
584 1789 667 1822 festo
690 1790 874 1822 sanctorum
894 1790 1080 1822 Pontificum
1101 1788 1365 1821 Traiectensium.

232 1863 249 1896 1
263 1872 292 1896 a.
319 1862 540 1896 Iucundemur
566 1863 608 1896 ad
634 1865 798 1896 tantorum
937 1863 998 1897 lb.
1025 1863 1110 1896 Tota
1134 1862 1265 1895 trinitas
1289 1862 1437 1903 resultat,

319 1911 452 1945 Laudes
477 1915 609 1953 patrum
634 1912 815 1952 beatorum,
1020 1912 1060 1944 In
1088 1911 1283 1944 caelestibus
1310 1911 1453 1943 exsultat

366 1961 510 2002 Quorum
538 1961 579 1994 de
606 1961 769 1994 consortio
1069 1961 1168 1993 Alma
1193 1960 1284 2001 pacis
1310 1960 1403 1995 visiO.

231 2041 292 2074 2a.
318 2039 536 2081 Diaphanitas
562 2049 706 2080 superna
933 2039 993 2073 2b.
1020 2039 1110 2073 Urbs
1146 2038 1313 2080 hymnizet
1337 2038 1566 2081 Traiectensis,

318 2088 409 2121 Luce
434 2089 539 2121 claret
563 2088 604 2121 ab
632 2091 766 2123 aeterna
1021 2088 1147 2120 Horum
1174 2087 1308 2120 caelitus
1335 2087 1491 2129 impensis

365 2137 477 2170 Plenis
504 2136 589 2170 fulta
613 2137 735 2179 radiis3
1068 2138 1171 2170 Freta
1196 2137 1262 2169 iam
1287 2136 1475 2177 praesidiis.

228 2218 289 2251 3a.
319 2216 404 2249 Vere
430 2215 545 2249 felices
571 2224 736 2259 proceres,
864 2240 867 2243 -
934 2215 993 2250 3b.
1021 2211 1281 2260 Virtutum[que]
1307 2213 1452 2257 opifices,

315 2265 377 2307 Qui
402 2266 524 2298 veteris
552 2266 729 2307 degeneres
1022 2265 1119 2298 Vecti
1144 2265 1188 2298 ad
1216 2264 1307 2297 divos
1334 2264 1443 2305 apices

363 2315 468 2348 Actus
494 2316 654 2347 necarant
679 2313 829 2356 hominis,
1069 2314 1180 2355 Raptu
1208 2313 1309 2347 divini
1334 2312 1476 2346 luminis.

224 2395 288 2428 4a.
313 2394 442 2429 Assunt
465 2394 593 2427 nobiles
618 2393 799 2437 ierarchae,
932 2393 992 2427 41).
1020 2392 1108 2434 Agni
1136 2401 1213 2426 vere
1240 2391 1482 2434 commensales,

317 2443 504 2484 Egenorum
531 2443 750 2487 patriarchae,
1021 2442 1215 2475 Assertores
1243 2440 1426 2474 cardinales

369 2492 554 2528 Potestates
581 2492 717 2534 aulicae,
1071 2490 1230 2524 Veritatis
1256 2490 1382 2522 unicae.
