1656 2690
170 219 232 253 2a.

167 529 228 561 3a.

168 792 228 824 4a.

169 1053 231 1085 5a.

169 1557 230 1590 6a.

168 1918 230 1951 7a.

709 123 949 159 —57-

261 218 446 251 Parituram
471 221 598 260 natum,

258 275 352 308 quem
379 267 579 300 nasciturum

258 316 391 348 oracula
416 318 526 348 vatum

255 363 332 396 olim
358 364 480 396 mundo
504 364 751 405 praedixerunt,

258 410 392 452 eiusque
418 412 594 444 adventum

257 460 540 501 desideraverunt,

254 526 351 560 Hanc
373 528 552 561 novitatem

258 576 394 609 Gabriel
419 576 636 616 nuntiaturus,

255 624 372 657 missus
399 634 418 657 a
443 633 567 657 summo
592 625 675 665 Deo,

255 673 359 705 intrat
385 673 549 705 civitatem

254 722 385 754 nomine
411 721 596 761 Nazareth3

256 792 338 833 Ave,
366 789 486 829 Maria,

253 838 362 880 plena,
387 839 503 880 inquit,
530 837 645 879 gratia,

256 887 431 919 benedicta
456 890 492 919 tu
516 886 549 918 in
575 884 781 925 mulieribus,

256 935 394 968 salutem
420 943 558 975 namque
583 935 692 975 paries

262 984 480 1019 credentibus,

258 1051 309 1084 Ne
334 1052 460 1093 timeas,

258 1100 374 1141 inquit,
402 1109 420 1132 o
444 1098 553 1132 Maria

257 1148 332 1190 quia
354 1147 508 1181 invenisti
534 1148 693 1189 gratiam;

259 1206 309 1237 en,
335 1197 499 1237 concipies

256 1245 382 1286 prolem
410 1246 534 1278 deicam

253 1295 286 1326 in
312 1296 367 1326 tuo
392 1297 484 1326 utero

256 1346 290 1374 et
316 1343 436 1384 paries,

236 1390 450 1431 'vocabisque
478 1399 593 1422 nomen
614 1391 681 1422 eius
698 1390 798 1428 Iesus,

259 1439 335 1480 quia
361 1440 498 1472 salutem
525 1439 685 1471 allaturus

256 1490 306 1520 est
330 1488 469 1521 humano
496 1488 617 1528 generi.

257 1556 313 1589 Ad
339 1556 420 1588 haec
448 1555 548 1589 verba
572 1559 638 1590 tam
665 1565 801 1590 amoena

256 1605 428 1645 respondit
453 1606 543 1646 virgo
571 1614 704 1638 serena:

259 1654 401 1693 Quonam
419 1656 515 1695 pacto
530 1657 637 1694 potest
657 1654 692 1686 id
715 1652 800 1692 fieri,

259 1702 407 1743 quoniam
434 1712 499 1735 non
524 1703 600 1736 novi

257 1750 362 1783 virilis
388 1751 475 1783 thori

256 1799 463 1839 consortium,

255 1847 315 1881 sed
342 1850 463 1880 castam
490 1856 542 1879 me
566 1847 636 1880 Deo
658 1846 758 1882 vovi?

258 1916 409 1957 Namque
436 1918 469 1949 et

256 1969 394 2006 cognata
418 1968 474 1998 tua

257 2014 407 2055 concepit
431 2014 614 2054 Elisabeth,

165 2084 225 2117 8a.
252 2082 307 2116 Ad
334 2083 416 2115 haec
441 2084 532 2124 virgo
558 2084 729 2116 mitissima

257 2132 364 2173 angeli
390 2132 492 2165 verba
517 2134 689 2173 respondit

255 2184 363 2214 mente
388 2181 650 2223 promptissima:

870 221 928 255 2b.

869 528 929 561 3b.

867 788 928 823 4b.

869 1050 927 1083 5b.

869 1555 926 1589 cb.

958 221 1072 254 Caelos
1095 223 1132 253 ut
1156 221 1328 262 inclinans,

956 269 1022 302 ima
1045 269 1182 302 visitans

955 318 1075 350 liberet
1101 318 1246 358 captivos

955 366 989 398 in
1014 366 1131 398 umbra
1155 366 1270 399 mortis
1291 366 1448 402 ,detentos

957 417 990 445 et
1015 415 1057 447 ad
1084 423 1226 454 superna

957 463 1054 495 ducat
1078 463 1275 503 redemptos

957 530 1125 572 Virginem
1155 530 1273 571 divam,

958 578 1026 610 viro
1052 578 1171 617 Ioseph
1198 579 1436 619 desponsatam,

957 628 991 657 at
1017 625 1111 658 virile
1136 626 1265 658 thorum

955 682 1119 714 nunquam
1146 675 1357 716 cognituram,

956 721 1095 762 benigne
1119 722 1250 756 salutat.

955 789 1046 821 Haec
1071 797 1140 820 cum
1168 789 1313 822 audisset

956 837 1046 878 virgo
1071 837 1338 878 prudentissima,

956 894 996 918 ex
1021 886 1163 926 alloquio
1190 886 1295 928 angeli
1319 886 1481 927 turbatur,

955 935 1015 967 sed
1039 934 1080 967 ab
1107 935 1222 975 angelo
1247 934 1370 967 blande

957 983 1150 1016 consolatur.

954 1051 1018 1083 Hie
1044 1051 1107 1083 erit
1131 1060 1266 1092 magnus

954 1108 1093 1140 namque
1119 1102 1152 1131 et
1175 1104 1291 1140 potens

959 1148 1148 1188 diceturque
1173 1148 1323 1181 altissimi
1347 1149 1468 1189 proles,

958 1196 1112 1237 dabitque
1135 1196 1185 1228 1111

955 1245 1114 1277 Dominus
1140 1245 1228 1277 Deus

955 1294 1065 1326 sedem
1090 1293 1200 1326 David
1226 1294 1330 1334 patris
1357 1290 1466 1337 (eius),

957 1345 989 1374 et
1013 1342 1164 1383 regnabit

956 1390 989 1423 in
1018 1391 1111 1423 domo
1138 1391 1235 1423 Iacob
1259 1390 1292 1421 iu
1320 1393 1498 1428 aeternum,

956 1439 1088 1480 eiusque
1113 1440 1205 1480 regni
1230 1447 1294 1471 non
1322 1439 1385 1470 erit

954 1486 1029 1520 finis
1054 1488 1255 1528 sempiterni.

953 1556 1007 1588 Ad
1033 1555 1172 1589 Mariam
1200 1558 1276 1597 post
1299 1557 1433 1597 angelus

956 1606 1018 1639 ait:
1046 1614 1187 1646 pneuma
1212 1608 1245 1637 te
1270 1605 1423 1645 replebit,

956 1654 1106 1686 altissimi
1133 1654 1237 1686 virtus
1263 1653 1482 1687 obumbrabit.

956 1703 1041 1742 quod
1068 1705 1220 1734 nascetur
1246 1710 1286 1734 ex
1313 1705 1356 1746 te,

957 1751 1003 1791 id,
1031 1751 1107 1792 quia
1133 1751 1196 1783 erit
1220 1753 1377 1791 sanctum,

959 1800 1129 1832 vocabitur

955 1847 1041 1881 filius
1067 1848 1228 1882 altissimi.

865 1917 883 1949 ‘7
891 1915 924 1951 b.
951 1918 1148 1957 Prolemque

868 2083 928 2118 8b.

957 1975 1014 1999 suo
1037 1968 1129 1999 utero

956 2025 1036 2048 anus
1063 2015 1185 2047 sterilis
1212 2014 1323 2048 habet.

955 2084 1054 2127 Eme³
1081 2093 1150 2116 sum
1177 2083 1238 2116 Dei
1264 2084 1395 2126 ancilla,

957 2134 1081 2166 utinam
1107 2132 1320 2175 perficiantur

957 2183 990 2215 in
1017 2192 1069 2215 me
1094 2182 1195 2215 verba
1219 2183 1287 2214 illa.

520 2252 552 2285 9.
580 2251 724 2284 Verbum
750 2252 867 2283 summi
891 2252 996 2291 patris

579 2300 798 2342 incarnatum,

583 2358 622 2381 ex
648 2357 775 2391 v1rg1ne

584 2401 675 2430 casta
698 2399 805 2430 matre
829 2399 951 2439 natum,

579 2455 621 2479 ne
646 2447 734 2479 sinas
761 2455 820 2479 nos
837 2447 872 2479 in
890 2447 1069 2487 gehennam
1091 2447 1151 2486 ire,

585 2496 644 2528 sed
669 2493 724 2527 fac
750 2495 792 2527 ad
817 2498 852 2528 te
874 2495 998 2530 venire.
