1656 2690
670 111 934 147 —249—

162 207 221 240 922.
249 207 358 240 Patris
382 206 478 240 huius
501 209 664 242 medicina

249 255 341 298 Este,
367 256 490 290 Feltris
517 262 550 289 et
574 258 688 291 Altina

298 304 443 346 Surgunt
467 309 498 337 et
526 306 704 346 Vincentia,

860 210 919 244 9b.
945 209 997 243 Ac
1021 210 1055 242 in
1081 210 1162 242 urbe
1188 209 1358 242 Tervisina

947 258 1036 291 Luce
1061 257 1125 291 frui
1151 259 1271 299 gaudet
1294 258 1371 291 bina

996 306 1207 349 Euphrosina
1230 305 1309 340 filia.

139 382 183 415 10
194 392 221 417 a.
251 381 307 415 Fit
334 383 439 415 eidem
467 383 590 416 civitati
842 384 925 417 1010.
952 384 1004 417 De
1029 393 1091 425 qua
1118 385 1203 417 cives
1226 384 1379 417 admirati

254 430 421 463 Restituta
446 431 577 464 sanitati
953 432 1018 466 Sua
1042 432 1174 466 firmant
1198 433 1357 465 immutati

303 479 477 520 Speculum
502 479 686 524 Theodora,
1001 480 1087 514 Fide
1112 481 1235 514 Christi
1259 484 1406 521 pectora.

141 557 226 591 1121.
254 557 339 590 Fide
364 557 492 598 pollens
519 560 551 589 et
578 558 705 598 decora,
842 558 925 592 11b.
952 559 1017 592 Per
1049 559 1134 591 huno
1165 559 1223 591 tibi
1247 559 1386 599 supplex
1412 568 1469 591 ora

253 606 357 638 Tuum
385 605 464 639 effer
490 608 523 638 et,
547 606 671 640 honora
953 604 1034 639 Post
1060 607 1191 650 dirupta
1217 608 1323 640 carnis
1353 608 1426 640 lora

304 654 505 697 Genitorem,
531 655 656 695 Padua,
1002 655 1098 687 Vitae
1127 654 1197 687 dari
1223 664 1356 697 pascua.

141 732 225 766 1212.
254 731 339 773 Tibi,
364 733 471 772 pater,
499 732 730 772 supplicamus,
842 731 925 765 1212.
954 731 1005 765 Ne
1022 741 1080 764 nos
1100 732 1210 765 trahat
1227 733 1329 765 hostis
1344 733 1468 775 hamus,

252 780 327 812 Tibi
354 779 468 811 laudes
496 779 705 822 cumulamus,
951 779 998 812 Te
1025 783 1164 813 tutorem
1190 781 1364 813 sentiamus

301 825 453 860 Pontifex
479 827 699 867 Prosdocime,
1002 828 1155 869 Corporis
1182 831 1214 860 et
1238 829 1375 864 animae

207 904 348 941 Sequent.
369 912 423 931 ms.
445 903 659 941 Aquilegiense
679 912 756 932 saec.
779 902 854 932 ¹4l15.
891 904 963 932 Cod.
978 903 1087 933 Semin.
1108 904 1253 933 Gon-itien.
1274 905 1296 933 Ι.
1320 920 1358 924 -
1379 903 1431 940 21),
1453 904 1471 932 2

129 941 384 1011 iissisici‘iso}
393 943 492 1010 ῗέἒὲὶ
513 940 666 1010 ‹3123ssss
684 941 1125 1019 {JZbAEt'4dXQniossfflifffl'
1145 958 1185 963 —
1205 941 1259 980 ἢ
1281 942 1298 972 3
1320 944 1405 972 ΜΗ·
1434 959 1472 963 “

579 1086 645 1118 287.
678 1086 721 1117 De
742 1087 852 1118 sancto
874 1086 1023 1118 Provino.

495 1158 526 1192 1.
556 1157 722 1197 Hymnum
749 1166 902 1190 canamus
927 1159 1061 1201 gloriae,

555 1205 680 1247 Hymni
704 1207 780 1239 novi
806 1215 891 1239 nunc
916 1210 1068 1240 resonent

138 1285 200 1317 2a.
226 1284 281 1317 Ad
307 1284 436 1317 laudem
464 1284 548 1317 tanti
573 1284 733 1325 praesulis
841 1284 898 1318 2b.
926 1284 1041 1318 Proles
1070 1286 1109 1318 de
1135 1286 1224 1318 caelo
1252 1285 1377 1326 prodiit

225 1331 271 1366 Et
297 1332 433 1366 Cumani
460 1332 627 1375 antistitis,
928 1332 1030 1366 Novis
1054 1337 1149 1366 utens
1175 1334 1342 1376 prodigiis,

226 1382 398 1422 Assumpti
424 1390 495 1413 cum
522 1381 681 1421 apostolis
929 1381 1062 1415 Caelum
1088 1382 1193 1414 caecis
1219 1382 1349 1423 aperuit

222 1430 262 1463 In
287 1435 397 1462 monte
420 1430 495 1463 novi
521 1429 663 1462 luminis.
928 1430 1160 1463 Invocantibus
1186 1430 1346 1463 subvenit.

141 1509 200 1542 3a.
229 1508 389 1542 Provinus
413 1506 487 1540 fluit
511 1506 618 1550 gratia
845 1506 902 1541 31).
929 1507 1088 1541 Provinus
1109 1508 1161 1540 vir
1189 1508 1365 1541 catholicus

226 1556 348 1589 Forma
373 1555 480 1589 factus
506 1556 687 1597 humilium,
930 1556 976 1589 Et,
1001 1559 1088 1589 totus
1113 1557 1311 1597 apostolicus

226 1604 347 1637 Laetus
373 1605 498 1647 potitur
523 1604 677 1646 praemiis
931 1604 1100 1637 Ecclesiae
1128 1605 1308 1638 catholicae

226 1653 331 1686 Sortis
359 1662 489 1686 consors
516 1653 715 1687 sublimium.
930 1653 1048 1686 Fidem
1074 1654 1252 1686 Romanam
1280 1654 1398 1688 docuit.

136 1733 199 1765 4a.
222 1730 336 1764 Nobili
362 1728 474 1776 [hunc]
502 1732 659 1772 prosapia
843 1730 907 1764 41).
933 1731 1030 1764 Nunc
1057 1731 1176 1771 spiritu
1200 1731 1393 1772 prophetico

227 1781 386 1821 Concepit
411 1784 516 1813 mater
541 1781 658 1813 sedula

229 1830 267 1862 In
295 1829 428 1862 civitate
454 1830 603 1871 parvula,

226 1879 314 1919 Quae
346 1887 432 1910 nuno
459 1880 594 1911 vocatur
619 1878 771 1912 Provina.

930 1779 996 1813 Diu
1017 1778 1149 1812 refulsit
1173 1780 1289 1820 gratia,

931 1829 1062 1862 Cunctis
1089 1828 1240 1863 Cumanis
1268 1828 1391 1862 civibus

931 1877 1028 1910 Felix
1054 1877 1179 1909 remisit
1205 1878 1356 1912 Francia.

206 1955 292 1984 Miss.
313 1955 460 1984 Oomense
488 1956 560 1984 anni
584 1953 670 1984 1401.
715 1954 785 1984 cod.
809 1955 998 1984 Ambrosiam
1020 1955 1051 1982 H
1076 1952 1133 1983 247
1157 1954 1209 1982 inf.
1235 1969 1275 1973 -—
1307 1953 1476 1991 „Graduale

128 1997 159 2024 et
178 1992 320 2023 tractus.“
361 1994 490 2023 Euthiflt
509 1995 588 2023 viele
606 1994 842 2031 Entlehnungen
863 2002 917 2022 aus
938 1993 1111 2022 bekannten
1131 1994 1281 2030 Hymnen.

565 2100 633 2133 288.
667 2100 710 2132 De
730 2100 841 2131 sancto
863 2098 1047 2131 Raimundo.

138 2174 155 2208 1
170 2184 200 2209 a.
227 2173 424 2208 Profitemur
450 2158 665 2215 conditorem,

227 2224 429 2256 Veneremur
456 2222 698 2263 redemptorem

275 2271 341 2305 Sub
369 2280 489 2305 canoro
515 2271 629 2312 iubilo,

137 2353 199 2384 22„
223 2350 289 2392 En⁷
314 2351 500 2392 praesentis
525 2350 583 2383 lux
610 2349 677 2383 diei

228 2398 376 2432 Celebris
400 2400 435 2433 in
462 2400 550 2433 servi
575 2399 639 2432 Dei

276 2447 396 2490 Agitur
422 2449 598 2491 memoria;

846 2172 903 2205 lb.
930 2173 968 2206 In
995 2180 1066 2204 sese
1093 2180 1188 2213 quam
1215 2170 1259 2204 sit
1282 2170 1450 2204 mirandus

930 2219 976 2254 Et
993 2221 1028 2253 in
1046 2220 1168 2253 sanctis
1189 2219 1474 2260 commendandus

980 2270 1046 2303 Res
1071 2269 1220 2310 inspecta
1245 2268 1426 2309 praedicat.

844 2348 904 2383 2b.
931 2347 996 2381 Hic
1021 2350 1071 2380 est
1095 2347 1180 2387 lapis
1202 2347 1377 2388 pretiosae,

935 2397 1094 2432 Claritate
1118 2396 1279 2437 radiosuS‚

983 2445 1150 2480 Virtutum
1176 2443 1364 2478 sacrarium.
