1656 2690
678 146 727 152 —
779 125 848 162 157
906 150 936 153 --

188 225 248 258 3a.
275 225 385 258 Hodie
408 225 442 257 in
469 225 567 257 astris
889 226 949 259 3b.
978 224 1127 258 Gaudeat
1154 226 1353 266 quapropter

277 273 420 315 gaudent
446 276 562 305 cuncta
589 274 777 314 angelorum
976 275 1070 315 plebs
1098 274 1226 314 devota,
1253 274 1351 315 digna
1367 282 1498 314 semper

278 325 375 362 atque
400 322 563 354 resultant
586 322 724 363 agmina.
977 323 1065 355 illius
1091 330 1229 362 poscens
1255 323 1381 355 merita.

187 401 248 433 4a.
278 399 377 444 Cuius
401 401 506 434 virtus
889 393 950 435 415.
978 400 1058 433 Mox
1082 402 1120 432 ut
1144 408 1238 433 sacra

278 448 369 483 fulsit
392 449 574 490 praeclara,
978 449 1079 481 tincta
1105 451 1155 481 est
1176 449 1274 492 unda,

278 498 354 531 dum
379 498 482 531 visum
507 498 635 538 recepit
978 496 1162 530 illuminata
1189 500 1240 529 est

277 546 429 588 Syranna
454 555 570 586 oaeea3
979 545 1100 578 Christi
1127 545 1243 587 gratia.

190 625 208 657 5
223 633 252 658 a.
282 624 412 658 Gaudet
435 625 576 658 Aretina
598 626 705 665 patria
890 625 949 658 5b.
977 624 1058 662 Quia
1084 624 1168 655 calix
1194 621 1319 655 fractus
1342 625 1458 655 ruerat,

279 674 347 705 eius
373 671 486 716 [miro]
981 681 1076 713 quem
1099 671 1201 704 levita

278 722 412 755 obtentu
435 721 584 764 lustrata,
979 729 1074 753 sacer
1099 720 1272 754 obtulerat.

189 800 250 833 ssa.
276 800 303 833 Ο
328 799 429 832 vaide
891 798 953 832 ssb.
980 797 1102 831 Donati

280 847 390 880 calicis
416 847 582 880 laudanda
978 855 1038 887 per
1061 855 1157 886 quam
1174 846 1245 878 laus
1270 846 1442 886 praeclara

277 906 316 929 ae
341 895 438 929 beata
462 896 573 929 ruina!
976 897 1108 927 resonat
1132 895 1166 927 in
1191 894 1331 926 saecula.

188 975 247 1008 Va.
274 975 314 1008 In
339 974 445 1007 vitrea
469 972 614 1007 fractura
892 974 949 1007 7b.
978 972 1096 1007 Calicis
1123 980 1197 1004 nam
1224 970 1408 1013 fragmenta

279 1025 403 1055 mutata
429 1025 478 1055 est
503 1026 631 1065 natura,
980 1018 1124 1065 [diversa
1150 1016 1226 1063 iam]
1256 1020 1392 1054 collecta

282 1075 315 1104 et
338 1071 371 1103 in
398 1071 527 1104 Donato
551 1070 654 1103 virtus
980 1073 1126 1102 oratione
1153 1068 1239 1102 facta

280 1123 411 1153 ostensa
437 1122 485 1151 est
510 1120 691 1161 praeclara.
977 1119 1011 1150 in
1037 1127 1134 1151 unum
1161 1120 1237 1150 sunt
1262 1118 1419 1149 reiuncta.

190 1198 249 1230 8a.
278 1197 379 1237 Quem
404 1196 511 1229 adhue
535 1196 630 1238 plebs
656 1199 726 1230 tota
896 1197 950 1230 8b.
977 1196 1139 1229 Draconis
1164 1204 1289 1228 venena

280 1246 380 1279 habet
404 1246 445 1278 ad
474 1254 593 1287 magna
980 1245 1118 1277 extinxit
1143 1246 1215 1285 ipse

273 1295 447 1336 miracula3
977 1291 1147 1334 pestifera.

187 1374 248 1407 9a.
275 1371 450 1405 Theodosii
475 1372 584 1413 magni
890 1373 948 1406 9b,
977 1373 1041 1405 Per
1067 1380 1163 1412 quam
1188 1380 1252 1405 non
1278 1370 1409 1403 modica

278 1420 380 1454 filiam
976 1420 1115 1461 praedia

277 1470 445 1503 daemonio
470 1469 615 1502 liberans
979 1470 1063 1502 dona
1088 1472 1185 1509 atque
1210 1469 1351 1501 maxima

276 1518 364 1559 patri
389 1518 539 1552 reddidit
563 1527 695 1561 sanaim
974 1518 1122 1559 possidet
1148 1517 1296 1550 ecelesia.

166 1597 209 1631 10
221 1606 250 1631 a.
280 1596 376 1630 Cuius
404 1597 493 1629 clara
517 1597 676 1630 miracula
870 1597 951 1630 101).
978 1596 1060 1629 Eius
1086 1599 1200 1629 saneta
1224 1605 1283 1628 nos
1309 1595 1415 1637 gratia

278 1645 479 1687 perlustrant
505 1648 637 1678 cunetas
979 1646 1049 1679 Deo
1076 1645 1279 1678 commendet

281 1697 417 1735 patrias.
978 1702 1107 1735 semper
1132 1693 1273 1726 assidua.

570 1772 623 1806 11.
654 1772 741 1806 Laus
768 1777 798 1805 et
825 1773 929 1813 gloria

655 1821 783 1854 Christo
809 1830 868 1862 per
893 1822 1032 1856 saecula.

233 1898 322 1927 Grad.
343 1906 397 1925 ms.
413 1898 443 1927 S.
463 1899 622 1927 Laurentii
642 1900 676 1927 in
694 1898 814 1927 Verano
829 1896 869 1934 (ἲ)
882 1907 959 1927 saec·
977 1896 1021 1926 11.
1058 1898 1128 1928 cod.
1144 1899 1270 1927 Roman.
1285 1897 1419 1934 Angelie.
1438 1893 1492 1924 123

152 1939 188 1972 (Β
209 1937 256 1966 ΙΙΙ
279 1935 333 1974 18).
353 1951 394 1955 -
413 1937 465 1973 7a,
487 1936 507 1966 4
525 1941 647 1967 ostensa
666 1940 744 1967 sunt.
765 1953 802 1957 —
825 1935 877 1972 921,
894 1936 909 1966 1
931 1939 951 1966 1.
972 1938 1144 1967 Theodosi?
1164 1952 1202 1957 —
1226 1935 1279 1970 9a,
1292 1935 1312 1964 4
1332 1936 1437 1964 reddit.
1458 1951 1499 1955 —

154 1977 206 2014 91),
222 1976 242 2005 4
262 1976 326 2005 eius
346 1978 489 2013 possidet.
509 1994 549 1998 —
569 1977 632 2006 Das
648 1977 776 2006 Schema
794 1977 909 2015 gleicht
928 1977 997 2005 sehr
1006 1978 1106 2014 jenem
1121 1987 1180 2006 von
1197 1977 1332 2014 „Virgo
1353 1971 1495 2003 Israew

151 2017 249 2052 (Anal.
270 2015 331 2045 VII
349 2016 402 2044 ΝΥ.
425 2014 500 2053 102).

495 2123 555 2154 177.
592 2122 637 2154 De
657 2122 766 2155 saneto
789 2122 912 2155 Donato
933 2122 1065 2155 Aretino
1087 2122 1145 2164 Ep.

165 2198 226 2231 ia.
253 2196 378 2230 Psallat
402 2196 490 2229 laeta
516 2195 622 2228 contio
868 2195 926 2228 ib.
955 2196 1047 2235 Quod
1073 2195 1221 2228 Donatus
1247 2194 1345 2227 hodie

250 2246 412 2279 Recolens
440 2253 511 2278 eum
538 2245 656 2286 gaudio
953 2244 1005 2277 De
1029 2246 1104 2278 lacu
1129 2243 1280 2277 miseriae

299 2294 420 2327 Votiva
444 2293 624 2330 sollemnia.
1002 2294 1137 2327 Transit
1161 2294 1204 2326 ad
1231 2292 1395 2326 caelestia.

163 2366 223 2397 Za.
253 2364 339 2399 Puer
364 2363 487 2396 Romae
512 2362 638 2396 studuit
863 2363 923 2396 2b.
950 2362 1050 2404 Fugit
1074 2363 1108 2395 in
1133 2362 1282 2396 Aretiam

251 2412 432 2453 studioque
453 2411 567 2445 floruit
953 2413 1053 2446 Perdi
1078 2412 1196 2444 timens
1222 2411 1319 2444 etiam

299 2461 446 2494 Docente
472 2460 638 2503 Pigmenio
649 2473 657 2503 3
1002 2461 1122 2494 Iuliani
1146 2461 1267 2503 gladio.
