1656 2690
726 148 990 182 —262-

200 241 261 273 5a.
287 241 406 273 Manus
431 249 489 272 sua
514 249 570 272 ore
902 243 962 278 5b.
987 244 1096 284 Atque
1120 255 1217 285 prece
1242 256 1300 278 sua

288 297 308 319 a
333 288 491 327 sacrilego
987 291 1194 324 devotissime

291 343 409 375 corpus
435 334 505 368 veri
530 335 592 367 Dei
985 338 1126 370 Iudaeus
1151 349 1186 371 se
1210 341 1280 380 regi

288 383 423 426 expulit,
987 385 1115 420 obtulit.

200 458 262 490 6a.
289 458 368 498 Ipse
393 459 481 491 vicos
901 461 961 496 6b.
988 462 1076 494 Voce
1101 461 1177 502 Syri

287 507 450 548 villasque
474 507 550 540 dum
988 517 1083 541 aures
1109 510 1201 542 surdi

286 560 489 598 peragraret,
987 560 1063 589 sunt
1085 561 1232 601 apertae,

288 606 412 636 mutum
438 604 638 645 surdumque

289 652 481 686 clamitabat

987 606 1097 647 lingua
1123 607 1203 638 muti
1227 609 1277 639 est

985 654 1135 687 absoluta
1146 666 1154 696 3

287 702 342 742 qui
367 700 470 734 filium
987 702 1042 743 qui
1066 703 1229 747 viderunt,

286 758 322 782 se
346 750 478 792 habere,
983 750 1054 783 Deo
1080 760 1157 784 vcro

286 798 417 838 quidam
443 797 561 832 adfuit.
983 799 1233 833 benedixerunt.

199 877 217 908 7
230 885 260 908 a.
286 877 356 917 Ipsi
383 885 498 909 caecus
896 875 955 910 7b.
982 877 1047 909 Pro
1073 886 1135 917 quo
1162 877 1266 909 almus

288 924 441 967 occurrit,
982 925 1089 957 oravit

285 972 435 1005 adiuvari
982 972 1175 1014 rectissime,

287 1021 413 1053 devotis
982 1020 1090 1052 lumen
1118 1021 1172 1061 qui

286 1069 438 1110 precibus
464 1069 643 1109 postulans.
982 1068 1065 1101 vidit
1090 1069 1284 1109 peroptime.

196 1147 257 1179 8a.
284 1147 309 1180 O
336 1146 428 1190 Syre,
894 1146 954 1181 8b.
981 1148 1031 1180 Tu
1056 1157 1156 1189 regna

283 1198 316 1227 te
340 1204 523 1236 precamur,
980 1196 1023 1228 ad
1049 1196 1170 1228 caelica

283 1243 418 1276 lucerua
442 1242 579 1285 fulgida,
981 1244 1044 1276 duc
1068 1253 1126 1276 nos
1153 1251 1251 1283 prece
1275 1242 1425 1283 benigna,

669 1322 700 1354 9.
728 1321 796 1361 Quo
820 1319 1028 1360 perfruamur

727 1367 841 1408 gloria.

264 1435 387 1463 Colleet.
409 1444 463 1462 ms.
483 1436 643 1462 Ticinense
661 1432 698 1470 (?)
721 1442 798 1462 saec.
821 1433 866 1462 15.
908 1434 979 1462 Cod.
1003 1435 1128 1463 Roman.
1151 1433 1227 1463 1300
1245 1434 1371 1470 (Sessor.
1386 1432 1465 1468 343).
1481 1449 1518 1453 —

184 1471 239 1508 312,
260 1473 277 1501 7
298 1474 485 1501 iucundeturr
509 1489 547 1493 —-
569 1471 619 1507 6a,
639 1470 658 1500 3
678 1475 841 1509 perageret.
862 1488 900 1492 —
920 1473 1090 1501 Verfasser:
1112 1474 1351 1502 Guilidinun.

474 1585 541 1619 302.
570 1586 614 1617 De
633 1593 674 1617 ss.
696 1586 851 1625 solutore,
873 1586 1063 1626 Adventore,
1086 1585 1225 1619 Octavio.

194 1667 254 1700 la.
889 1667 948 1700 lb.
975 1668 1072 1709 Ecce,
1099 1669 1204 1701 sancti
1230 1668 1400 1708 Solutoris,

974 1717 1100 1750 Octavii
1128 1720 1160 1749 et
1184 1717 1385 1751 Adventoris

1023 1764 1217 1798 Celebratur
1241 1766 1362 1806 passio.

280 1666 416 1699 Fratres
441 1667 545 1699 nostri
571 1667 755 1708 congregati

279 1715 349 1748 Deo
375 1716 559 1756 sanctisque
586 1715 685 1747 dicati

329 1764 539 1796 Exsultemus
565 1763 686 1806 iubilis,

885 1841 946 1874 2b.
974 1842 1041 1874 Iste
1064 1843 1100 1875 in
1124 1843 1388 1884 Hipporegiensi‚

972 1890 1019 1922 Hi
1041 1891 1076 1922 in
1101 1891 1166 1923 situ
1190 1891 1385 1923 Taurinensi

1020 1939 1115 1971 Iussu
1139 1938 1234 1971 Decii
1258 1942 1409 1980 pereunt.

280 1842 409 1874 Primus
435 1842 513 1874 olim
533 1842 722 1874 vulneratur

280 1890 326 1923 Et
350 1891 383 1922 in
409 1889 473 1922 fine
500 1890 691 1931 decollatur,

327 1938 548 1971 Trucidantur
573 1938 684 1977 alteri3

192 1844 254 1875 2a.

885 2014 945 2048 3b.
971 2015 1017 2047 Hi
1042 2019 1118 2048 sunt
1143 2016 1229 2049 enim
1253 2017 1358 2049 nostri
1386 2017 1495 2059 duces,

972 2063 1057 2103 Quos
1081 2073 1252 2105 sequemur
1277 2069 1309 2097 et
1331 2066 1453 2098 salutes

1019 2113 1225 2154 Attingemus
1250 2123 1397 2155 superas.

193 2018 254 2050 3a.
280 2016 323 2049 Hi
350 2016 509 2057 martyrio
536 2015 700 2055 cadentes,

279 2065 444 2098 Christum
468 2063 574 2096 Deum
598 2062 787 2103 profitentes

328 2113 419 2146 Caeli
443 2121 543 2153 regna
568 2114 750 2152 penetrant.

884 2189 944 2224 4b.
972 2190 997 2223 O
1025 2190 1120 2223 beata
1144 2191 1222 2224 urbs
1248 2192 1395 2233 Taurini,

970 2239 1009 2271 In
1036 2248 1100 2279 qua
1123 2239 1232 2271 iacent
1256 2241 1361 2272 sancti
1385 2241 1464 2273 trini

1019 2287 1234 2321 Coruseantes
1259 2289 1365 2329 gratia
1376 2290 1382 2321 !

278 2191 405 2230 Quanta
429 2190 518 2222 Deus
549 2189 652 2221 almus
678 2186 815 2232 [dignis]

279 2238 342 2270 Pro
367 2237 564 2277 martyribus
590 2237 738 2277 benignis

326 2286 452 2319 Mundo
479 2286 562 2319 mira
585 2285 741 2326 protulit!

192 2192 252 2223 4a.

935 2390 943 2397 .
969 2365 1134 2398 Exaudiet
1158 2365 1327 2407 Dominus,

971 2414 1129 2446 Praesens
1155 2415 1218 2446 erit
1243 2417 1416 2449 comminus

1094 2471 1205 2495 eorum
1230 2465 1363 2499 monita.

189 2369 250 2400 5a.
276 2365 375 2406 Ergo,
402 2364 587 2407 populares,
613 2366 690 2397 vota

276 2414 338 2446 His
363 2413 562 2454 martyribus
589 2413 706 2445 devota

1039 2537 1089 2579 ‘⁴⁰2¹

710 2584 760 2607 ετ.
786 2574 969 2603 wachawe
1058 2594 1095 2641 ξ

751 2633 905 2661 Gon-LEGE
1050 2641 1079 2659 x

938 2661 1000 2690 s
1022 2650 1067 2690 ᾧ
