1656 2690
676 133 940 170 —216—

560 228 626 260 247.
658 227 703 258 De
725 227 836 259 sancta
858 228 1054 270 margareta.

180 301 239 334 la.
266 300 391 333 Psallat
418 300 534 332 chorus
560 300 731 340 virginum,
874 301 935 335 11),
962 301 1013 333 Sit
1037 310 1111 343 spes
1137 310 1201 332 una
1223 298 1390 339 mentium,

265 348 394 389 Tangat
419 356 532 380 manus
559 350 748 388 tympanum
962 350 1037 383 Una
1061 359 1125 382 vox
1151 347 1335 381 canentium

361 395 478 440 Hodie,
1058 397 1176 431 Hodie.

181 465 240 496 2a.
267 462 459 503 Margarita,
486 462 576 503 virgo
601 464 736 506 martyr,
873 464 933 498 ab.
961 464 1080 496 Veniat
1106 463 1243 496 dilectus
1269 470 1358 493 meus

269 511 468 552 Angelorum
493 513 607 543 tenens
634 510 765 543 chorum
961 511 1007 543 Et
1019 520 1187 552 pomorum
1197 510 1337 543 fructum
1347 518 1478 542 suorum

365 558 518 592 clamitat
529 570 537 591 :
1063 559 1210 600 Colligat.

180 630 237 662 3a.
265 626 404 661 Pulcher
430 636 474 669 es,
503 626 622 659 dilecte
646 627 700 668 mi,
875 628 935 663 3b.
965 628 1070 669 Caput
1094 635 1200 659 meum
1225 626 1336 668 sponsi
1361 627 1454 659 laeva

313 676 358 709 Et
388 676 535 716 decorus,
1014 676 1256 720 Complexatur,

268 724 387 756 Lectus
413 727 524 756 noster
548 722 683 757 floridus
964 723 1090 758 Dextra
1115 732 1230 764 corpus
1257 723 1404 766 cingitur,

317 772 495 812 Gloriosus,
1009 773 1104 804 Mens
1130 774 1286 811 armatur,

368 820 412 852 Et
435 829 545 853 amore
568 820 715 860 langueo.
1057 820 1103 852 Et
1128 829 1238 852 amore
1262 819 1409 859 langueo.

182 890 240 922 4a.
266 887 415 929 Languet
442 896 503 928 per
528 887 686 927 exsilium,
874 888 935 921 4b.
965 887 1055 920 Caeli
1080 887 1139 920 sed
1164 887 1346 927 imperium,

269 936 418 978 Languet
442 945 501 976 per
526 934 718 977 martyrium
961 935 1057 968 Vitae
1080 934 1288 975 refrigerium

317 984 444 1026 Sponsa
466 983 541 1025 Dei,
1009 983 1115 1016 Datur
1141 983 1181 1015 ei.

185 1054 241 1086 52.
268 1050 378 1092 Inquit
403 1051 486 1082 enim
513 1059 650 1090 sponsus
677 1047 750 1093 [illi]
876 1052 936 1085 5b.
964 1050 1048 1083 Nam
1075 1060 1130 1083 cor
1155 1059 1261 1082 meum
1289 1050 1478 1092 vulnerasti,

314 1100 403 1132 Voce
427 1099 509 1131 leni:
966 1099 1075 1140 Soror,
1100 1099 1185 1139 veni,

365 1146 450 1179 Tota
472 1146 612 1187 pulchra
637 1155 681 1189 eS‚
1009 1147 1094 1180 Tota
1117 1147 1255 1186 pulchra
1278 1155 1322 1179 es,

182 1218 241 1250 ca.
269 1215 369 1255 Quam
382 1214 622 1255 suntpulchrae
875 1215 933 1249 6b.
962 1214 1029 1246 Mel
1055 1218 1086 1246 et
1111 1214 1163 1246 lac
1188 1214 1246 1246 sub

381 1271 540 1295 mammae
565 1263 658 1295 tuae!
1072 1263 1184 1302 lingua
1206 1265 1263 1295 tua

321 1311 446 1344 Favum
472 1310 598 1343 stillant
620 1309 718 1351 labia,
1012 1310 1176 1351 Superans
1202 1312 1356 1343 aromata.

185 1382 204 1414 7
213 1389 242 1412 a.
268 1378 382 1421 Aperi,
411 1377 568 1419 columba,
594 1387 724 1419 sponsa,
878 1380 896 1412 7
905 1378 937 1412 b.
965 1378 1012 1412 Ut
1035 1381 1163 1418 pateret
1188 1377 1268 1410 mihi
1293 1386 1433 1418 gressus,

323 1428 429 1467 Caput
452 1426 563 1459 madet
587 1425 735 1466 roribus;
1011 1427 1067 1459 Ad
1092 1430 1126 1458 te
1153 1427 1224 1459 veni
1249 1426 1410 1460 noctibus,

187 1498 243 1530 Sa.
272 1496 518 1529 Consummatur
534 1494 644 1526 inhac
656 1502 785 1535 sponsa,
878 1494 938 1528 8b.
965 1493 1013 1525 Mi
1040 1494 1168 1536 dilecte,
1194 1493 1280 1533 veni,
1307 1494 1392 1537 veni,

322 1542 414 1583 Quod
440 1542 591 1575 Salomon
619 1542 763 1575 dixerat:
1014 1542 1149 1583 Saepius
1174 1544 1339 1583 exagerat.

186 1614 241 1646 9a.
267 1610 484 1652 Egrediamur
881 1610 942 1646 ab,
967 1611 1067 1643 Mane
1092 1619 1260 1650 surgamus

272 1660 312 1692 In
337 1668 449 1699 agrum
476 1654 531 1703 [et]
557 1665 788 1690 commoremur
966 1658 1018 1690 Ac
1041 1659 1153 1691 vineas
1180 1659 1347 1691 videamus

366 1707 407 1739 In
432 1707 531 1745 villis,
1014 1706 1053 1739 In
1077 1706 1155 1739 illis.

164 1777 207 1810 10
216 1785 245 1808 a.
272 1775 308 1808 Si
331 1775 427 1807 vinea
451 1776 563 1807 nostra
586 1772 705 1817 floruit,
860 1775 903 1808 10
912 1774 943 1808 b.
971 1774 1006 1807 Si
1031 1772 1211 1806 floruerunt
1234 1774 1321 1806 mala
1343 1773 1472 1816 punica,

275 1823 310 1856 Si
325 1823 480 1856 frondens
490 1822 650 1855 fructibus
659 1823 787 1863 tumuit,
970 1822 1021 1854 Ibi
1048 1822 1131 1855 dabo
1157 1822 1218 1855 tibi
1243 1822 1354 1855 ubera.

162 1893 245 1927 113..
270 1892 341 1924 Iam
365 1891 400 1923 in
425 1891 514 1923 caelo
537 1890 649 1931 sponsi
849 1890 893 1924 11
904 1890 938 1923 b.
964 1889 1078 1923 Ubera
1103 1889 1160 1923 dat
1183 1898 1302 1930 sponso

326 1939 445 1972 fruitur
470 1938 683 1979 amplexibus,
1019 1938 1122 1970 versis
1149 1938 1284 1970 vicibus.

160 2011 204 2043 12
214 2018 245 2041 a.
271 2008 493 2050 Deprecemur
515 2015 625 2038 omnes
858 2006 942 2039 1210.
969 2005 1016 2038 Ut
1039 2006 1156 2039 adoret
1179 2015 1334 2047 sponsum

320 2055 415 2089 flexis
441 2054 586 2096 genibus,
1016 2064 1077 2094 pro
1101 2054 1195 2087 nobis
1222 2055 1380 2089 omnibus.

229 2123 318 2152 Grad.
333 2131 387 2151 ms.
401 2123 565 2151 Parmense
580 2130 657 2149 saec.
669 2118 746 2149 sssis.
775 2121 845 2150 Cod.
858 2122 929 2158 Gap.
941 2122 1079 2150 Parmen.
1091 2131 1113 2150 s.
1125 2131 1154 2149 n.
1169 2138 1206 2142 —-
1221 2121 1273 2156 912,
1286 2120 1304 2149 2
1317 2123 1364 2151 Ad
1374 2125 1488 2151 vineas.

571 2224 640 2257 248.
670 2224 715 2255 De
738 2225 850 2257 saneta
870 2226 1066 2267 margareta.

163 2300 221 2334 la.
248 2299 335 2331 Actu
360 2297 447 2330 vitae
472 2297 653 2330 innocentis
861 2298 922 2333 lb.
949 2299 1072 2339 Gaude,
1097 2298 1184 2341 Sion,
1213 2301 1246 2331 et
1270 2299 1406 2343 exsulta,

249 2348 295 2381 Et
320 2346 436 2380 affectu
461 2346 535 2387 piae
558 2346 676 2378 mentis
949 2347 1031 2386 Quia
1056 2347 1187 2381 Christo
1214 2348 1405 2388 consepulta

251 2397 291 2430 In
315 2396 439 2429 honore
463 2395 686 2435 praepotentis
948 2394 1089 2438 Martyr,
1116 2395 1214 2429 laude
1240 2396 1337 2436 digna
1362 2397 1479 2440 multa,

298 2445 506 2485 Margaretae
530 2444 665 2485 virginis
994 2442 1066 2476 Iam
1090 2448 1204 2485 regnat
1231 2454 1301 2478 cum
1327 2446 1465 2487 superis
