1656 2690
172 215 234 247 4a.
263 212 364 246 Fastu
389 214 510 254 premit
534 214 654 255 sidera,

262 262 359 294 Ponit
384 271 419 294 os
445 263 478 294 in
504 262 638 295 aethera

262 309 397 342 Crucem
428 313 575 344 sanctam
601 311 801 355 improbans,

261 357 455 391 Crucifixum
482 359 679 400 reprobans3

170 446 230 478 5a.
257 444 341 477 Nam
367 448 536 487 patronus,

257 493 348 526 Iesus
377 493 488 538 bonus,

259 542 378 575 Preces
405 543 496 576 audit

259 590 303 623 Et
330 591 464 624 exaudit

306 639 440 673 Suorum
467 639 632 682 fidelium3

171 730 231 762 Ga.
257 727 356 769 Eece,
385 728 488 760 crucis
515 729 686 769 amatores,

257 775 385 809 Christo
414 776 495 809 duce
520 778 697 809 sectatores

305 825 464 866 Spiritum
491 824 695 866 concipiunt,

873 215 934 249 4b.
961 216 1046 248 Dum
1072 215 1213 255 superbe
1239 215 1369 257 cogitat,

961 265 1000 298 In
1026 263 1169 297 furorem
1196 263 1317 296 excitat

959 313 1179 346 Barbarorum
1205 311 1329 345 rabiem

959 361 1013 394 Ad
1039 370 1127 394 suam
1154 360 1344 402 perniciem.

873 447 931 481 5b.
960 448 1037 481 Cum
1065 456 1198 480 necesse

959 496 1058 529 Videt
1082 504 1164 539 esse,

959 544 1039 577 Suos
1065 545 1147 586 tegit

959 590 1080 637 [Atque
1105 591 1204 638 regit]

1009 639 1186 674 Conferens
1217 641 1383 676 auxilium.

868 727 928 762 6b.
955 728 1100 761 Excitati
1128 728 1256 761 Christo
1284 729 1366 761 duce

954 776 998 809 Et
1024 777 1143 817 signati
1168 780 1281 810 sancta
1308 786 1403 810 cruce

1002 826 1139 858 Alacres
1166 824 1322 859 efficiunt.

625 904 655 937 7.
684 904 748 936 Pro
774 903 833 935 tali
858 903 995 936 victoria

682 951 788 984 Detur
815 951 943 984 Christo
968 952 1082 993 gloria.

234 1038 320 1066 Miss.
341 1046 394 1066 ms.
420 1038 604 1075 Hispalense
629 1046 705 1066 saee.
732 1035 756 1053 Η
773 1047 807 1065 ιι,

850 1037 920 1066 Cod.
946 1038 1039 1068 Univ.
1067 1039 1190 1067 Ianuen.
1216 1041 1242 1068 A
1265 1040 1324 1067 V11

1356 1061 1370 1066 ..
1391 1039 1427 1067 A.
1459 1055 1496 1059 —

155 1079 240 1106 Miss.
261 1086 316 1104 ms.
338 1077 521 1113 Hispalense
541 1085 618 1106 saec.
642 1075 686 1104 15.
722 1076 793 1106 God.
815 1076 982 1105 Columbin.
1004 1078 1160 1114 Hispalen.
1176 1076 1223 1114 83,
1241 1076 1275 1105 17
1297 1079 1330 1106 B.
1351 1094 1389 1097 —
1409 1078 1493 1106 Miss.

156 1126 209 1145 ms.
233 1116 415 1152 Hispalense
435 1124 513 1144 saec.
538 1114 583 1144 15.
625 1115 695 1143 Cod.
719 1114 885 1143 Columbin.
906 1116 1064 1152 Hispalen.
1085 1117 1204 1144 Vitrin..
1229 1115 1273 1144 12.
1296 1117 1327 1146 C.
1351 1133 1388 1136 —
1408 1117 1494 1145 Miss.

155 1154 338 1190 Hispalense
359 1156 429 1191 imp.
451 1155 575 1192 Hispali
598 1153 680 1183 1507.
702 1156 738 1183 D.
760 1170 797 1174 —
818 1155 866 1190 Ia,
883 1151 898 1182 1
921 1157 1002 1183 cruci
1022 1156 1050 1184 D
1084 1170 1121 1174 —
1147 1155 1194 1191 lb,
1209 1155 1227 1184 2
1246 1156 1377 1194 datoque
1396 1156 1434 1184 A.
1455 1171 1494 1175 -

155 1192 210 1229 237
229 1192 244 1221 1
266 1192 440 1230 Cunctaque
460 1193 520 1222 AG.
542 1191 595 1228 3⁷0,
612 1192 628 1221 1
649 1194 778 1221 mittitur
793 1193 828 1221 A.
849 1209 884 1214 —
907 1190 959 1228 370,
975 1192 995 1222 2
1013 1196 1046 1222 in
1067 1203 1155 1224 cruce
1167 1195 1202 1223 A.
1224 1209 1261 1215 -—
1282 1194 1333 1230 42,
1350 1194 1366 1223 1
1381 1195 1495 1224 Faus-‚tu

156 1234 194 1262 D.
216 1248 253 1252 —
274 1230 327 1260 4a.
348 1231 368 1261 4
388 1233 561 1269 improbans
584 1231 614 1260 C.
638 1247 667 1251 —
697 1232 754 1261 Str.
776 1230 819 1260 410
841 1241 904 1270 sqq.
925 1231 1025 1261 fehlen
1046 1233 1132 1263 BCD.

531 1336 574 1369 19.
606 1337 650 1369 De
673 1335 815 1377 Quinque
835 1336 1031 1370 Vulneribus
1053 1337 1111 1370 DN.

164 1409 223 1442 la.
252 1409 321 1441 Ista
346 1411 421 1442 sunt
446 1410 622 1449 praecipue

299 1457 403 1491 Nobis
429 1457 615 1499 recolenda,

249 1507 324 1539 Iesu
349 1506 608 1550 clementissime,

299 1556 375 1589 Sive
400 1554 620 1599 memoranda,

161 1637 223 1668 2a‚
251 1633 333 1666 Dira
359 1633 500 1675 quinque
527 1633 671 1675 vulnera,

298 1682 387 1722 Quae
412 1683 594 1715 sustinuisti

251 1732 392 1772 Propter
417 1734 529 1764 nostra
556 1731 692 1765 crimina

297 1780 484 1821 Passusque
510 1779 613 1823 fuisti⁷

158 1861 218 1894 3a.
246 1859 362 1892 Altera
386 1858 537 1892 similiter

299 1908 460 1949 Crucique
486 1907 586 1942 affixa

248 1957 293 1990 Et
317 1957 454 1991 brachia
478 1956 610 1991 fortiter

296 2006 443 2039 Fuerunt
467 2010 632 2050 protensa,

160 2088 221 2120 4a.
250 2084 355 2118 Pedes
381 2085 428 2118 tui
454 2084 585 2119 fortiter

296 2133 444 2167 Fuerunt
470 2135 600 2177 clavati,

247 2183 284 2215 In
313 2191 409 2216 cruce
432 2185 588 2217 atrociter

296 2233 400 2267 Ferro
426 2231 597 2275 perforati,

161 2315 221 2347 5a.
248 2312 350 2345 Latus
375 2314 465 2344 tuum
489 2313 606 2347 lancea

295 2361 392 2394 Miles
419 2360 610 2402 perforavit,

248 2410 323 2451 Cor,
351 2410 455 2451 hepar
481 2414 514 2444 et
538 2411 666 2446 viscera

299 2459 402 2493 Simul
425 2461 621 2506 penetravit,

863 1409 922 1442 lb.
951 1409 1041 1449 Quae
1067 1410 1196 1443 volente
1221 1420 1336 1452 passus
1363 1421 1397 1445 es

998 1459 1037 1492 In
1063 1467 1159 1492 cruce
1177 1462 1315 1502 sacrata,

949 1506 995 1539 Ut
1018 1510 1131 1541 nostra
1157 1509 1298 1541 dilueres

999 1556 1132 1589 Penitus
1157 1560 1301 1598 peccata.

861 1634 920 1668 2b.
949 1634 1028 1668 Cum
1054 1635 1155 1677 virgis
1181 1636 1341 1670 viridibus

998 1686 1102 1726 Saepe
1126 1686 1317 1718 verberatus

952 1733 1071 1775 Utique
1097 1734 1261 1767 atrocibus

999 1782 1109 1824 Spinis
1137 1785 1319 1817 coronatus

861 1862 923 1896 sb.
949 1862 997 1896 Ut
1020 1864 1149 1895 nostros
1174 1864 1400 1904 prosterneres

997 1911 1099 1945 Simul
1123 1911 1283 1954 inimicos,

949 1961 1036 1994 Vitia
1063 1968 1268 1994 consumeres

995 2010 1042 2043 Et
1065 2009 1175 2043 hostes
1201 2009 1338 2050 iniquos.

860 2090 920 2124 4b.
947 2089 994 2123 Ut
1018 2097 1147 2131 gressus
1175 2089 1332 2130 dirigeres

996 2138 1135 2171 Nostros
1161 2138 1195 2170 in
1221 2138 1283 2170 hoc
1307 2139 1427 2172 mundo

944 2187 1054 2229 Atque
1078 2195 1137 2220 nos
1165 2187 1358 2220 defenderes

993 2236 1046 2270 Ab
1072 2235 1165 2268 hoste
1189 2234 1342 2270 nefando.

859 2317 919 2351 5b.
945 2315 993 2350 Ut
1019 2315 1117 2349 corde
1143 2325 1201 2348 nos
1227 2314 1354 2349 faceres

994 2364 1077 2398 Esse
1101 2365 1280 2399 sanctiores

944 2413 1128 2455 Delumque
1153 2417 1190 2447 ut
1213 2423 1361 2449 moveres

992 2463 1038 2496 Et
1063 2472 1173 2497 omnes
1200 2472 1338 2497 errores.
