1656 2690
719 115 984 150 —144-

638 228 700 260 159.
732 228 775 259 De
795 228 906 260 saneta
927 228 1072 260 Caecilia.

192 311 251 343 la.
277 309 454 342 Iubilemus
478 309 691 349 exsultantes,

284 357 472 390 Passionem
497 360 712 389 memorantes

330 406 453 438 Beatae
479 404 657 449 Caeciliae3

196 485 254 516 aa.
281 483 412 515 Valerio
438 491 558 524 sponsa
585 482 692 524 datur,

283 530 349 564 Sed
374 530 482 563 fidelis
507 535 702 571 aspernatur

332 579 472 613 Gentilis
499 579 647 620 conubia,

200 658 261 690 33.
290 656 357 689 Soli
381 656 451 689 Deo
478 656 682 699 decantabat,

288 704 346 737 Cui
364 705 558 738 servandum
578 705 825 738 commendabat

336 754 496 786 Pudorem
524 754 628 795 virgin
633 763 713 786 eum.

198 832 259 866 42.
282 832 375 864 Haec
400 832 552 872 gentilem
579 834 610 863 et
633 830 806 872 profanum

287 878 368 911 Cum
392 878 497 912 fratre
520 880 727 913 Valerianum

332 927 532 961 Convertens
560 929 699 961 edocuit.

197 1007 256 1039 5a.
282 1005 335 1037 Ab
363 1005 496 1038 Urbano
522 1006 709 1046 baptizatur

282 1053 326 1086 Et
353 1063 372 1085 a
397 1062 475 1086 sene
500 1054 672 1086 roboratur

334 1102 413 1135 Cum
441 1101 544 1134 fratre
566 1102 726 1135 Tiburtio.

198 1179 257 1211 62.
286 1177 428 1219 Cumque
452 1188 516 1211 non
544 1182 745 1220 exureretur,

279 1226 446 1259 Decollari
472 1236 546 1259 mox
571 1227 701 1259 iubetur

329 1275 375 1308 Et
400 1276 448 1307 sic
472 1276 559 1316 petit
583 1285 712 1316 supera.

891 309 950 343 1b.

890 482 950 517 2b.

892 656 952 690 310.

891 831 950 865 4b.

892 1005 951 1038 512.

893 1179 953 1213 6b.

978 310 1066 349 Quae
1091 310 1210 342 nobilis
1235 312 1268 341 et
1294 308 1439 341 Romana

977 358 1030 390 Ex
1057 358 1169 399 gentili
1194 357 1372 390 christiana

1027 406 1093 447 Fit,
1120 406 1267 438 subiecta
1291 404 1420 437 latriae.

977 483 1062 514 Dum
1089 492 1152 516 vox
1178 486 1271 516 sonat
1297 482 1465 522 tibiarum,

979 531 1127 564 Cilicium
1152 531 1360 563 lacrimarum

1027 580 1118 612 Clam
1144 579 1273 620 rigabat
1297 579 1419 619 pluvia.

978 655 1049 688 Nec
1074 665 1094 688 a
1117 659 1226 688 mente
1252 655 1444 688 discedebat

981 704 1102 737 Christi
1128 707 1339 746 sanctumque
1363 704 1498 745 gerebat

1028 754 1163 794 Semper
1189 753 1401 794 evangelium.

980 831 1077 865 Cuius
1102 831 1337 863 intercessione

977 879 1138 920 Angelica
1162 880 1288 912 visione

1029 927 1216 961 Consortari
1240 928 1370 959 meruit.

979 1005 1034 1037 Sic
1057 1007 1194 1045 uterque
1221 1005 1410 1047 decollatur,

979 1052 1024 1085 Et
1051 1053 1212 1085 Caeciliae
1236 1055 1372 1093 paratur

1027 1101 1225 1133 Balneorum
1249 1101 1346 1133 ustio.

981 1178 1052 1211 Illis
1079 1187 1155 1219 ergo
1182 1177 1430 1220 conformemur,

981 1227 1030 1260 Ut
1053 1231 1129 1268 post
1152 1226 1242 1267 ipsos
1268 1227 1476 1260 sublevemur

1028 1275 1174 1308 Tandem
1201 1284 1301 1315 supra
1325 1276 1444 1309 sidera.

261 1352 350 1380 (ἔτι-ἃᾶ.
370 1362 425 1380 ms,
446 1353 608 1381 Parmense
629 1361 705 1381 saec.
727 1351 756 1382 14⁴
765 1362 802 1380 15.
846 1352 916 1380 God.
939 1352 1035 1389 Capit.
1056 1353 1192 1380 Parmen.
1215 1361 1238 1380 s.
1258 1361 1288 1379 n.

626 1466 689 1498 160.
719 1466 764 1497 De
786 1468 895 1498 saneto
918 1465 1070 1497 Carauno.

195 1538 255 1571 ia.
285 1538 414 1571 Christo
440 1537 553 1570 laudes
580 1538 795 1579 exsolvamus,

283 1586 375 1618 Dono
403 1586 492 1618 cuius
519 1586 719 1619 celebramus

334 1635 476 1668 Carauni
500 1634 680 1669 sollemnia.

194 1705 256 1736 2a.
283 1702 375 1743 Quod
401 1712 464 1735 vox
491 1702 556 1734 oris
582 1705 676 1735 sonat
700 1701 791 1742 foris,

281 1751 354 1783 Hoc
378 1750 510 1784 affectus
536 1759 596 1791 per
622 1750 752 1783 effectus

330 1799 505 1839 Adprobet
530 1800 745 1831 concordiam.

196 1869 215 1900 3
227 1877 255 1899 a.
283 1867 387 1899 Tuum
404 1866 513 1907 lauda,
531 1866 635 1906 plebs,
650 1869 821 1906 patronum

285 1915 350 1947 Per
374 1915 505 1955 patroni
529 1923 685 1955 praesens
704 1915 820 1947 donum

334 1963 431 2004 Spem
457 1963 580 1996 habens
604 1963 648 1995 ad
673 1963 808 2003 reliqua.

284 2012 336 2045 Ne
348 2012 512 2053 desperes,
525 2020 595 2043 cum
603 2011 647 2043 sis
654 2011 840 2053 peccabilis,

285 2060 347 2093 Est
380 2060 488 2092 hostia
512 2068 615 2100 prope
639 2059 822 2103 placabilis,

332 2108 451 2141 Hostia
474 2107 620 2148 pacifica.

195 2178 258 2210 4a.
284 2176 397 2209 Cesset
420 2175 512 2216 Doeg
536 2175 719 2216 Idumaeas,

287 2224 392 2265 Super
417 2226 505 2256 astra
530 2233 622 2256 suum
646 2224 735 2256 Deus

333 2273 500 2306 Athletam
526 2276 720 2305 remunerat.

196 2345 214 2376 5
228 2352 257 2376 a.
283 2343 347 2376 Per
355 2349 523 2374 ascensum
532 2343 656 2381 martyr
662 2350 860 2381 purpureum
896 2345 913 2376 5
923 2342 953 2376 b.

289 2390 469 2424 Salomonis
488 2389 676 2422 conscendit
692 2398 822 2422 aureum

336 2439 392 2472 Ad
417 2437 670 2482 reclinatorium,

893 1538 951 1570 1b.

890 1702 949 1735 ab.

891 1867 951 1901 3b.

892 2177 953 2210 4b.

976 1537 1056 1570 Eius
1085 1538 1170 1570 diem
1197 1546 1398 1580 veneremur,

977 1585 1045 1618 Nos
1072 1586 1169 1618 beata
1194 1586 1249 1627 qui
1274 1585 1422 1618 fovemur

1023 1634 1132 1674 Ipsius
1158 1633 1353 1675 praesentia.

978 1701 1059 1734 Cum
1091 1703 1126 1734 in
1161 1703 1257 1735 terris
1283 1703 1331 1735 sic
1355 1704 1518 1748 laudatur,

978 1750 1075 1783 Hanc
1098 1751 1133 1783 in
1155 1751 1252 1783 caelis
1281 1752 1463 1784 delectatur

1024 1799 1152 1832 Audire
1175 1800 1359 1833 melodiam.

979 1867 1040 1907 Qui
1065 1877 1124 1908 pro
1150 1867 1243 1900 nobis
1274 1869 1479 1913 deprecatur,

978 1915 1042 1947 Hic
1067 1916 1205 1956 quiescit
1231 1920 1264 1948 et
1287 1917 1430 1950 laetatur

1027 1964 1066 1996 In
1092 1964 1175 1996 caeli
1200 1965 1333 2005 palatio.

980 2012 1126 2045 Psallant
1135 2022 1245 2046 omnes
1256 2018 1287 2046 et
1296 2015 1520 2051 dicanthodie.

977 2060 1113 2095 Dicant:
1135 2063 1215 2103 Ave,
1235 2066 1362 2105 martyr
1381 2065 1520 2106 egregie,

1027 2109 1149 2142 Nostra
1174 2112 1361 2146 consolatio.

980 2177 1032 2210 Ibi
1058 2181 1166 2219 gustat
1190 2180 1224 2212 in
1250 2184 1417 2213 aeternum

979 2226 1071 2266 Quod
1090 2230 1232 2271 optarat,
1251 2230 1337 2269 quod
1353 2229 1516 2263 internum

1024 2275 1119 2308 Mens
1146 2277 1214 2308 eius
1239 2277 1397 2311 sitiverat.

982 2343 1049 2377 Ubi
1076 2346 1181 2376 carnis
1207 2345 1321 2377 solutis
1346 2347 1484 2379 nexibus

980 2393 1522 2435 Verisponsiiunctusamplexibus

1028 2441 1147 2474 Verum
1173 2441 1274 2474 habet
1298 2443 1463 2483 gaudium.
