1656 2690
661 106 926 142 ——209—

833 204 896 238 41),
922 203 1021 238 Cuius
1045 211 1111 235 nox
1135 211 1200 235 non
1225 201 1429 239 ohscuratur,

922 252 988 285 Sed
1012 253 1047 285 in
1073 252 1177 284 lucem
1205 251 1368 283 exaltatur

969 300 1051 351 Tam
1076 300 1203 341 pollens
1227 297 1429 339 martyrium.

128 201 192 233 4a.
218 201 345 233 Bonum
371 210 454 243 opus
479 206 645 244 operatur,

223 249 305 281 Dum
330 259 391 290 per
415 251 522 291 ipsum
549 251 734 285 illustratur

271 298 421 331 Caecitas
448 299 628 339 gentilium.

132 377 194 408 5a.
222 375 322 416 Ergo,
352 375 490 417 Christe,
519 377 573 417 qui
600 379 762 410 tantorum
835 378 896 411 5b,
923 379 973 411 Tu
998 380 1183 410 nostrorum
1208 376 1402 410 delictorum

218 424 401 456 Extinxisti
425 427 660 459 tormentorum
922 426 1005 458 Dele
1031 426 1143 466 culpas
1169 434 1207 457 ac
1234 424 1397 457 caelorum

268 471 434 505 Flammas
462 476 495 505 et
518 473 681 518 incendia,
967 474 1127 507 Transfer
1149 474 1192 506 ad
1216 473 1353 514 palatia.

199 548 285 576 Miss.
307 557 362 576 ms.
390 549 593 587 Zagrabiense
618 557 695 578 saec.
725 548 769 578 15.
813 550 883 578 Cod.
914 549 1081 578 Oathedral.
1104 549 1279 586 Zagrabien.
1305 548 1413 576 XLIV.
1436 545 1464 574 2.

121 583 188 615 323,
208 603 246 607 ——
265 586 323 615 Str.
338 586 443 616 lahat
452 587 614 624 Anklange
625 597 663 617 an
677 589 726 616 die
739 589 1003 625 Agnes-Sequenz:
1018 588 1229 617 Animemur
1242 588 1285 615 ad
1300 595 1461 623 agonem.

561 689 630 721 238.
660 690 706 722 Dc
729 690 839 722 sancto
860 689 1023 722 Leonorio.

513 760 544 793 1.
573 759 645 793 Lux
672 764 722 793 est
747 761 854 794 laudis
881 763 913 793 et
937 761 1089 805 iucunda,

571 808 724 841 Laudent
749 818 859 841 omnes
877 810 975 842 laude
995 811 1118 844 munda

618 857 750 890 Patrem
776 857 984 890 Leonorium.

138 936 201 968 222.
227 934 330 968 Plene
345 935 482 967 laudent
494 934 539 973 hi,
555 935 611 976 qui
623 936 768 976 gaudent
806 935 866 968 ab.
893 935 948 968 Ad
973 935 1176 968 laudandum
1202 935 1309 969 solvat
1334 944 1392 968 ora

224 984 342 1017 Secum
366 991 446 1015 vere
469 992 663 1023 permanere
892 984 1006 1018 Omnis
1031 983 1127 1017 homo
1152 984 1241 1017 omni
1265 984 1347 1017 hora

271 1031 382 1064 Sancti
407 1040 526 1072 corpus
553 1032 733 1072 proprium.
941 1032 1042 1066 Festa
1069 1033 1177 1065 colens
1203 1041 1310 1065 annua

133 1112 196 1144 32.
222 1110 304 1142 Tam
326 1110 499 1149 praeclara
526 1108 741 1154 confessoris3
806 1110 866 1143 3b.
893 1109 1457 1150 Huiussanctipraeclarasanctitas,

221 1159 310 1191 Laus
336 1161 387 1190 est
412 1157 487 1190 talis
514 1158 585 1191 laus
613 1158 751 1200 decoris,
894 1159 958 1192 Per
984 1159 1133 1200 angelum
1160 1159 1228 1191 eius
1254 1158 1410 1191 nativitas

269 1206 384 1239 Dulcis
412 1209 445 1238 et
466 1205 634 1241 melliflua.
941 1207 988 1240 Et
1012 1216 1128 1240 nomen
1154 1207 1368 1248 praedicitur.

131 1287 195 1319 4a.
222 1284 422 1326 Adplicatur
448 1292 565 1325 expers
590 1285 668 1317 mali
807 1286 867 1319 4b.
894 1286 1024 1319 Literas
1049 1284 1207 1325 primaria

220 1333 423 1366 Documento
448 1333 581 1376 literali,
892 1334 956 1366 Die
982 1336 1086 1374 vocat,
1114 1334 1180 1366 alia

267 1381 378 1414 Miran
383 1380 425 1414 da
449 1390 503 1414 res
530 1382 654 1422 agitur:

134 1461 194 1494 52.
221 1460 309 1493 Mari
334 1458 434 1493 flante
460 1462 558 1493 vento
585 1460 689 1503 gravi,

218 1510 290 1542 Iam
314 1509 486 1542 submersa
510 1517 596 1550 pene
620 1510 697 1542 navi

267 1557 479 1598 Tempestate
507 1557 607 1591 nimia

131 1636 193 1670 Ga.
219 1635 272 1668 De
296 1636 445 1676 proiecta
468 1635 552 1668 mari
578 1645 637 1668 ara

219 1685 275 1718 Fit
291 1693 348 1717 cor
364 1688 534 1726 maestum,
549 1693 640 1716 mens
654 1693 765 1717 amara

269 1733 460 1766 Venerandi
485 1733 648 1773 praesulis
658 1740 666 1776 3

809 1635 871 1669 eb.

942 1383 1062 1425 Iungit,
1090 1382 1207 1415 scribit
1230 1383 1342 1416 tertia.

858 1487 865 1493 .
892 1459 1076 1502 Excitatus,
1106 1459 1182 1492 dum
1210 1459 1375 1501 dormiret,

893 1510 997 1542 Prece
1021 1507 1112 1548 fecit,
1136 1517 1179 1540 ne
1202 1508 1329 1549 periret

942 1557 1041 1590 Plebs
1067 1557 1101 1589 in
1126 1557 1203 1589 navi
1230 1557 1329 1590 socia.

898 1635 965 1668 Sed
999 1637 1180 1667 extractam
1206 1635 1249 1667 de
1272 1633 1438 1675 profundo

893 1683 1017 1717 Reddit
1044 1683 1134 1716 Deus
1161 1683 1231 1716 viro
1258 1684 1379 1716 mundo

944 1731 1144 1765 Columbinis
1171 1732 1311 1774 ungulis.

134 1813 195 1847 7a.
224 1811 320 1845 Cervi
346 1812 442 1844 mites
468 1811 553 1844 sicut
580 1820 655 1844 oves
808 1811 868 1844 7b.
897 1809 971 1843 Non
997 1812 1184 1851 punguntur
1209 1809 1350 1851 stimulo,

219 1861 328 1894 Arant
353 1860 456 1893 iuncti
482 1861 568 1892 sicut
593 1860 692 1893 boves
895 1859 970 1892 Non
996 1861 1174 1900 tanguntur
1199 1858 1326 1899 baculo,

268 1909 349 1943 Eius
376 1909 419 1943 ad
444 1909 602 1950 imperia3
941 1908 1029 1941 Dum
1057 1908 1222 1949 complent
1245 1906 1365 1941 officia.

132 1990 193 2023 8a.
222 1988 456 2022 Concordatim
482 1997 593 2021 omnes
621 1990 708 2029 eunt,
806 1987 868 2021 8b.
896 1988 1042 2028 Pergunt
1068 1985 1285 2030 uniformiter,

219 2038 301 2080 Iuga
327 2041 451 2080 tenent,
477 2037 554 2079 iuga
579 2037 700 2071 vehunt
894 2037 1042 2079 Pergunt
1066 2036 1264 2069 unanimiter

267 2086 306 2121 In
331 2087 439 2120 sanct-i
466 2086 641 2129 obsequi03
943 2085 1017 2118 Uno
1046 2084 1222 2118 desiderio.

131 2168 193 2200 9a.
220 2166 314 2200 Hora
334 2175 422 2199 nona
447 2166 666 2206 resolvuntur,
804 2164 868 2198 9b.
896 2163 986 2205 Opus
1005 2163 1179 2208 complent,
1200 2172 1262 2204 quo
1278 2163 1439 2205 completo

894 2212 991 2246 Iubet
1015 2215 1149 2245 sanctus
1174 2212 1268 2246 vultu
1293 2212 1380 2245 laeto

942 2261 1091 2294 Humiles
1117 2261 1283 2294 recedere.

217 2216 374 2257 Pascunt,
400 2223 497 2248 mane
523 2215 734 2247 revertuntur

265 2264 310 2298 Et
335 2266 470 2297 manent
493 2263 527 2296 in
556 2270 672 2306 opere3

119 2343 164 2377 10
178 2352 209 2376 a.
224 2341 331 2383 Super
355 2342 507 2375 Rhenum
526 2349 640 2374 caecos
658 2342 764 2381 sanat,
797 2340 1007 2382 10h.Surgit
1040 2349 1137 2373 sanus
1163 2340 1215 2372 vir
1242 2342 1437 2383 conti-actm,

218 2390 274 2422 Sic
299 2392 340 2424 ab
370 2400 407 2424 eo
433 2392 531 2432 plene
556 2393 669 2423 manat
895 2390 954 2422 Vir
981 2388 1142 2430 superbus
1158 2397 1234 2421 mox
1253 2387 1438 2421 confractus

266 2440 337 2473 Lux
367 2440 518 2474 caelestis
544 2440 681 2482 gratiae.
944 2438 1109 2470 Redditur
1133 2438 1295 2470 miseriae.

177 2500 197 2523 B
203 2501 213 2523 1
219 2506 236 2522 u
242 2506 284 2523 1110
293 2516 299 2526 ,
318 2499 470 2527 Sequentiae
487 2499 611 2523 Ineditae.
639 2499 668 2524 V.
1257 2492 1295 2522 14
