1656 2690
689 120 952 156 —180—

174 220 233 251 2a.
260 215 325 253 Est
351 218 531 258 exemplum
558 217 734 259 coniugatis
864 219 923 252 ab.
951 214 1007 252 Uti
1033 219 1157 259 prolem
1183 216 1365 250 sanctitatis

257 266 445 306 Ceterisque
470 265 610 298 viduatis
950 267 1091 306 Quaerat
1115 267 1228 299 thorus
1256 265 1415 297 castitatis

303 315 409 347 Verae
435 313 660 356 continentiae,
998 314 1211 356 Summaeque
1236 312 1426 347 munditiae.

167 392 185 424 3
202 400 231 424 a.
259 388 368 425 Intrat
385 391 559 423 claustrum
582 392 792 433 dominarum,
862 393 922 426 3b.
951 389 1043 426 Gerit
1067 399 1173 425 actum
1200 391 1389 433 gratiarum,

255 439 320 473 Ubi
346 440 454 471 lumen
478 439 587 471 reddit
614 440 736 472 clarum
947 440 1104 472 Fructum
1131 441 1236 481 carpit
1263 441 1442 471 ceterarum

300 486 396 520 Fidei
421 487 571 521 lucidius,
995 488 1163 521 Virtutum
1188 487 1387 529 praecarius.

167 566 227 597 4a.
254 562 296 599 In
324 566 485 597 caelorum
510 568 559 597 est
582 565 691 599 locata
861 565 921 599 4b.
949 562 1001 598 Sit
1024 565 1126 605 ipsius
1151 573 1250 605 prece
1275 567 1368 605 grata

254 613 377 654 Regno,
405 613 525 653 gaudet
550 615 704 646 coronata
947 613 994 646 Ut
1019 616 1052 645 et
1078 613 1171 645 nobis
1197 612 1264 645 vita
1291 613 1367 645 data

304 661 381 694 Cum
408 661 530 693 sanctis
555 660 705 702 feliciter,
998 661 1074 694 Cum
1102 671 1140 694 ea
1164 661 1362 702 perenniter.

233 727 355 755 Colleet.
382 735 436 755 ms.
465 726 654 755 Constantini
681 726 816 754 Caietani
846 736 922 755 saec.
953 725 995 754 17.
1038 727 1108 755 Ood.
1136 728 1260 756 Roman.
1291 727 1484 755 Alexandr-in.

156 763 202 792 95.
222 780 261 784 -
281 764 494 794 Akrost-ichon:
521 766 716 803 Adevigis.

576 858 644 892 203.
683 858 725 890 De
746 859 855 890 sancto
877 857 1063 890 Herculano.

169 930 184 961 1
199 937 229 963 a.
257 930 346 961 Bone
372 930 513 970 praesul,
540 930 734 968 Herculane,
860 931 918 965 lb.
946 930 1034 969 Quae
1059 931 1202 963 mamilla
1226 930 1447 972 torquebatur,

254 977 303 1009 Tu
328 977 476 1010 infirmae
501 977 607 1010 factae
632 986 731 1010 sanae
947 979 1052 1010 Tanto
1077 983 1171 1018 patre
1196 978 1389 1018 laetabatur,

300 1026 487 1066 Impetrasti
513 1027 667 1069 gratiam3
996 1026 1080 1058 Dum
1106 1025 1198 1066 fugat
1222 1026 1411 1065 nequitiam.

162 1103 182 1134 2
197 1111 226 1134 a.
250 1103 359 1142 Aeger
383 1102 515 1141 quidam
539 1102 720 1142 laborabat,
859 1104 921 1137 2b.
947 1103 1033 1135 Dum
1059 1104 1102 1135 ad
1127 1104 1244 1135 ostium
1270 1103 1410 1144 accedit,

254 1150 389 1182 Morbus
415 1158 485 1181 eum
509 1160 581 1182 nam
608 1150 757 1191 vexabat,
947 1152 1079 1186 Macula
1104 1152 1218 1191 procul
1244 1151 1370 1183 recedit

297 1198 343 1231 Ut
368 1206 402 1230 se
428 1196 530 1230 ferret
553 1199 720 1239 manibus;
995 1200 1159 1232 Praesulis
1184 1208 1244 1240 pro
1270 1199 1431 1239 precibus„

161 1276 220 1308 3a.
247 1274 352 1307 Huius
379 1275 502 1307 meritis
530 1276 661 1309 diversa
860 1278 920 1313 3b,
948 1276 1125 1317 Corporum
1153 1280 1250 1318 atque
1275 1276 1436 1317 impendit

253 1323 360 1364 Fugat
385 1322 473 1356 Deus
499 1327 532 1355 et
556 1325 694 1358 adversa
946 1324 1119 1366 SanitateS,
1147 1325 1201 1366 qui
1227 1325 1379 1365 rependit

299 1371 518 1405 Humanorum
545 1373 659 1418 iacula,
994 1373 1152 1414 Fugando
1178 1373 1318 1414 piacula.

164 1451 224 1482 4a.
252 1448 324 1481 Hoc
349 1449 493 1481 ostendit
518 1454 616 1490 caput
639 1451 743 1483 sancti
858 1452 919 1486 4b.
947 1451 1039 1491 Quod
1057 1451 1111 1483 hic
1123 1451 1255 1491 praesul
1269 1455 1399 1483 sanctus
1414 1450 1486 1494 fuit,

254 1496 391 1537 Corpori
416 1498 540 1529 unitum
566 1499 660 1541 tanti,
947 1499 998 1533 lbi
1024 1500 1109 1540 quod
1135 1500 1186 1539 sit,
1212 1499 1299 1532 unde
1323 1500 1390 1531 ruit

301 1546 394 1585 Quod
421 1545 581 1578 abiectum
608 1545 724 1587 fuerat,
993 1547 1106 1580 Hostis
1134 1551 1231 1589 atque
1253 1545 1391 1588 fugerat.

162 1624 221 1657 5a.
247 1623 319 1655 Hoc
345 1623 520 1663 Gregorius
545 1627 684 1657 testatur
858 1626 919 1660 5b.
946 1626 985 1660 In
1012 1625 1139 1666 dialogo
1165 1626 1309 1658 ostendit

249 1671 351 1704 Libro
376 1681 445 1712 suc,
470 1675 672 1712 protestatur
946 1675 1059 1714 Ipsum
1084 1677 1241 1714 sanctum,
1268 1674 1321 1714 qui
1342 1673 1491 1708 defendit

299 1720 414 1753 Verbis
442 1721 667 1765 evidentibus3
995 1722 1168 1754 Perusinos
1193 1722 1357 1763 precibus.

161 1798 220 1831 6a.
246 1798 374 1838 Rogent
399 1807 469 1829 eum
496 1799 563 1831 nati
588 1798 704 1843 gregi-³3,
859 1802 917 1835 6b.
945 1800 991 1833 Ut
1019 1809 1079 1840 pro
1107 1800 1153 1831 eis
1179 1802 1271 1841 roget
1294 1799 1410 1842 Deum,

250 1846 347 1879 Rexit
373 1855 467 1887 quem
492 1856 553 1887 pro
577 1850 681 1879 morte
703 1848 788 1888 regis
943 1848 990 1881 Ut
1014 1848 1173 1880 accedant
1198 1856 1261 1880 non
1288 1849 1329 1880 ad
1354 1858 1436 1894 eum,

294 1895 384 1927 Bene
407 1903 447 1926 ac
470 1894 625 1936 fideliter,
994 1896 1055 1935 Qui
1079 1899 1177 1929 vexat
1203 1896 1390 1932 crudeliter.

164 1972 181 2004 7
196 1980 227 2005 a.
251 1972 340 2013 Ergo
367 1973 472 2005 sciant
496 1973 602 2013 ipsum
628 1972 733 2005 Deum
859 1974 920 2009 7b.
945 1973 1051 2006 Extra
1077 1982 1171 2013 quam
1198 1982 1260 2006 non
1287 1973 1461 2019 invenitur,

251 2020 488 2053 Convertamur
514 2024 547 2052 et
571 2022 614 2054 ad
641 2030 725 2064 eum,
945 2021 1014 2061 Qua
1039 2020 1110 2061 quis
1135 2020 1218 2053 bene
1241 2021 1466 2066 praefulcitur,

298 2069 389 2108 Quod
416 2069 553 2101 salutem
578 2069 738 2109 habeant;
994 2069 1082 2110 Ergo
1108 2068 1204 2102 fidem
1231 2073 1373 2104 teneant.

228 2135 350 2171 Antiph.
375 2143 429 2163 ms.
452 2134 483 2163 S.
503 2135 660 2163 Laurentii
679 2134 820 2163 Perusini
840 2144 918 2164 saec.
942 2133 985 2163 13.
1019 2134 1089 2163 God.
1113 2136 1208 2172 Capit.
1230 2136 1366 2165 Perusin.
1382 2136 1428 2167 30.
1451 2155 1488 2159 —

149 2173 237 2200 Wird
257 2174 290 2200 in
310 2173 361 2200 der
382 2173 437 2201 Hs.
460 2173 670 2202 ausdriicklich
691 2173 735 2200 als
757 2172 956 2210 „Sequentia“
979 2174 1160 2202 bezeichnet.

571 2266 641 2298 204.
675 2265 720 2297 De
740 2267 850 2298 sancto
871 2267 1069 2306 Hieronymo.

166 2339 183 2371 1
197 2348 226 2372 a.
254 2334 377 2379 Gaude,
396 2338 500 2380 virgo,
518 2347 638 2378 sponsa
655 2337 787 2379 Christi,
861 2339 922 2372 lb.
946 2335 1076 2374 Laudes
1104 2340 1171 2372 eius
1196 2339 1370 2373 iubilantes

250 2388 339 2427 Quae
366 2388 529 2420 doctorem
555 2385 694 2429 genuisti
948 2386 1155 2429 Veneremur,
1183 2388 1385 2423 celebrantes

296 2436 460 2477 Virginem
486 2435 729 2477 Hieronymum.
994 2435 1088 2467 Diem
1114 2435 1232 2469 festum
1259 2439 1443 2474 maximum.
