1656 2690
693 164 736 169 —
791 143 860 178 136
911 163 956 168 —-

615 239 678 271 150.
708 238 752 270 De
772 239 883 270 saneta
903 237 1033 270 Bel-tha.

614 322 645 355 1.
673 320 753 353 Orta
778 320 881 360 stirpe
906 318 1009 352 nobili

672 368 806 409 Bertha‚
833 367 956 400 famula
980 367 1052 410 Dei,

722 416 845 450 Nostra
869 426 944 457 spes
968 419 1001 447 et
1025 416 1139 456 gloria*

168 498 229 529 2a.
258 496 377 536 Stirpis
405 495 503 527 decus
526 495 673 528 inclitum
865 494 926 528 2b.
953 493 1041 533 Quae
1066 494 1168 533 prolis
1194 493 1314 525 intuitu

255 545 397 586 Propter
421 544 509 576 vitae
533 545 683 576 meritum
950 542 1077 583 Traxit,
1103 552 1168 574 non
1193 550 1252 583 pro
1282 541 1378 584 coitu,

303 595 432 627 Morum
457 593 566 633 pinxit
590 593 705 634 gratia.
1003 590 1175 623 Gumberti
1202 590 1375 622 consortia.

168 672 187 702 :3
199 680 227 703 a.
253 670 374 713 Ambo,
397 670 501 710 stirpe
524 670 661 711 nobiles,
864 669 922 703 3b.
951 667 1016 700 Sed
1044 669 1120 700 dum
1145 670 1273 710 tempus
1298 668 1468 711 praeterit,

256 719 511 751 Permanserunt
535 719 662 751 steriles
951 717 1098 757 Uterque
1122 725 1158 748 se
1187 716 1310 749 deserit

301 767 364 799 Dei
388 767 607 808 providentia.
997 765 1110 797 Mente
1135 769 1359 798 consentanea.

169 846 229 879 ta.
253 844 302 877 Ut
326 845 455 877 videret
477 843 661 884 Dominum,
863 843 923 877 4b.
951 842 976 875 O
1001 842 1099 875 beata
1122 843 1254 881 lumina,

258 892 458 925 Salvatorem
487 893 637 930 omnium,
949 891 1070 931 Quibus
1097 891 1171 923 talis
1197 890 1319 923 femina

306 941 344 973 In
371 940 446 973 Sion
473 941 635 984 aetherea,
998 939 1071 971 Hac
1095 939 1128 970 in
1155 947 1254 971 carne
1279 939 1387 978 posita

304 988 428 1021 Bertha
453 989 579 1029 sprevit
602 992 721 1021 terrea.
998 987 1163 1020 Cernebat
1186 987 1328 1020 insolita.

166 1067 226 1098 52.
254 1066 342 1106 Quae
368 1066 443 1098 dum
468 1068 539 1097 orat
862 1064 922 1098 5b.
950 1064 1062 1097 Virtus
1087 1063 1151 1097 Dei

252 1113 299 1146 Et
323 1112 483 1154 explorat,
948 1111 1070 1144 Locum
1095 1113 1126 1144 ei

302 1163 370 1202 Quo
396 1160 493 1193 beata
995 1160 1195 1202 Declaravit,

300 1210 370 1242 Deo
399 1212 494 1249 grata
996 1209 1063 1249 Quo
1089 1210 1218 1249 paravit

351 1257 476 1291 Condat
502 1257 697 1300 habitacula,
1046 1257 1215 1297 Templum
1240 1260 1344 1288 mater
1361 1256 1486 1290 sedula.

166 1337 226 1369 6a.
253 1337 430 1376 Postquam
455 1336 612 1375 templum
861 1335 919 1368 6b.
949 1333 1067 1366 Christi
1092 1343 1211 1375 parens

254 1385 307 1417 Ad
331 1383 515 1423 exemptum
949 1381 1034 1415 Huic
1059 1391 1219 1422 apparens

299 1432 409 1464 Mater
433 1431 491 1463 illa
996 1430 1157 1462 Moniales

301 1480 374 1513 Hac
397 1479 431 1511 in
456 1479 535 1512 villa
999 1478 1169 1518 Spiritales

349 1527 475 1561 Struxit
500 1528 674 1572 Aveniaca,
1048 1527 1207 1560 Distinxit
1231 1526 1290 1558 sub
1318 1527 1441 1568 regula.

168 1606 186 1637 7
200 1614 228 1637 a.
255 1606 344 1638 Fons
370 1605 445 1638 huic
469 1605 539 1638 loco
566 1606 679 1638 deerat
695 1606 792 1647 solus,
862 1605 919 1639 7b.
946 1604 985 1638 In
1011 1614 1074 1645 qua
1098 1604 1178 1637 fecit
1202 1605 1304 1637 multa
1323 1605 1416 1646 signa

251 1655 350 1694 Quem
379 1653 512 1686 advexit
536 1654 677 1687 Berthae
706 1655 793 1687 colus
948 1652 1072 1686 Bertha
1097 1654 1227 1696 degens,
1253 1653 1352 1686 laude
1381 1654 1488 1696 digua,

299 1702 429 1735 Ducens
454 1702 539 1734 viam
565 1711 624 1743 per
651 1702 754 1744 devia,
998 1701 1124 1734 Morbis
1150 1701 1311 1742 praebens
1337 1702 1483 1734 remedia

307 1751 405 1790 Quem
423 1759 509 1782 nunc
525 1750 625 1783 habet
638 1751 793 1793 ecclesia3
998 1749 1041 1782 Et
1068 1751 1234 1791 expellens
1262 1750 1441 1783 daemonia.

166 1827 226 1862 8a.
255 1829 280 1862 O
306 1829 417 1870 virago
444 1828 594 1869 gloriosa,
862 1828 922 1862 811.
949 1828 1039 1861 Audi
1064 1837 1178 1868 preces
1204 1828 1252 1861 tui
1277 1828 1394 1869 gregis,

254 1877 343 1916 Quae
369 1876 492 1910 cruoris
514 1877 563 1909 tui
587 1886 662 1909 rosa
950 1876 998 1910 Ut
1022 1876 1056 1909 in
1082 1878 1157 1910 aula
1182 1878 1297 1909 summi
1322 1878 1409 1918 regis

301 1924 501 1967 Reddidisti,
997 1925 1067 1957 Tuo
1094 1925 1192 1957 ductu

301 1974 430 2015 Martyr
454 1973 586 2015 Christi,
1001 1973 1100 2005 Pleno
1127 1972 1235 2007 fructu

354 2022 483 2055 Christo
509 2022 704 2054 testimonia.
1051 2021 1292 2063 Consequamur
1318 2023 1447 2064 gaudia.

233 2088 318 2116 Miss.
342 2088 510 2117 Rhemense
531 2089 600 2125 imp.
616 2088 739 2116 Rhemis
755 2085 839 2116 1553.
859 2103 899 2108 —
920 2087 971 2121 6b‚
987 2085 1004 2114 2
1023 2087 1095 2116 huic
1114 2089 1157 2116 151
1175 2088 1318 2127 einsilbig
1340 2099 1378 2117 zu
1396 2090 1494 2127 1esen3

155 2127 208 2155 das
230 2127 353 2155 Gleiche
372 2126 430 2163 gilt
449 2135 509 2154 von
529 2126 600 2155 huic
620 2135 698 2164 resp.
719 2126 822 2154 deerat
842 2127 874 2154 in
895 2125 947 2161 7a,
972 2124 997 2153 1.
1021 2141 1053 2145 -
1077 2127 1209 2156 Melodie
1228 2127 1492 2157 wahrscheinlich:

153 2166 262 2194 Mane
282 2167 403 2202 prima
422 2165 577 2193 sabbati
597 2167 654 2194 mit
671 2163 844 2201 Repetition
865 2166 916 2194 der
937 2164 962 2194 5.
985 2164 1121 2202 Strophe.

602 2279 660 2311 151.
690 2279 734 2310 De
755 2280 867 2312 sancta
889 2277 1042 2321 Birgitta.

730 2351 761 2384 1.
787 2352 931 2385 Alleluia

164 2423 228 2456 23..
254 2421 433 2453 Iucundum
459 2422 590 2452 resonet
867 2420 926 2455 2b.
952 2419 1074 2452 Felicis
1099 2421 1261 2463 Birgittae

253 2478 409 2511 praesens
436 2468 574 2501 ecclesia
955 2469 1125 2502 concinens
1151 2471 1298 2512 gloriam.
