1656 2690
725 135 989 173 ν-η19’7--ἡ

196 230 258 264 9a.
285 229 366 270 Quia
391 239 452 271 pro
478 229 544 263 fide
571 232 692 266 Christi

333 277 448 311 fudisti

285 326 409 369 Oleum,
434 327 495 369 lac,
523 329 710 370 sanguinem

334 385 367 406 in
394 375 518 416 poenis,

899 234 957 268 9b.
985 234 1064 275 Mel,
1091 233 1143 265 lac
1169 241 1209 265 ex
1236 231 1304 265 eius
1329 240 1386 263 ore

1032 281 1207 325 sumpsisti,

984 330 1120 371 Sanguis
1147 330 1214 362 eius
1240 331 1334 360 ornat
1358 331 1391 360 te

1031 379 1064 411 in
1089 378 1190 419 genis.

536 474 590 507 10.
620 474 687 507 Nos
714 479 808 507 ornet
833 478 939 508 tecum
967 475 1097 508 dicens:

621 522 681 563 Qui
711 524 888 556 manducat
912 532 1041 556 carnem
1067 531 1172 555 meam

622 574 653 603 et
679 572 867 612 sanguinem
892 581 998 604 meum
1023 570 1119 613 bibit,

619 622 729 652 manet
751 620 785 652 in
810 630 873 659 me,

619 676 743 699 mecum
769 677 829 708 per
849 677 902 700 me

619 724 696 748 vere
722 718 755 748 et
778 725 836 758 ego
860 716 894 749 in
921 725 969 750 e0.

261 807 350 836 Grad.
363 817 417 836 ms.
434 808 463 836 S.
475 808 619 837 Gereonis
632 809 821 838 Coloniensis
836 810 908 838 anni
924 807 1007 837 1424.
1041 809 1111 837 Cod.
1123 810 1201 838 Mus.
1214 809 1350 846 Archiep.
1364 809 1519 838 Colonien.

181 847 225 875 VI
245 845 272 875 5.
298 861 336 866 —
362 844 413 882 22,
436 845 453 875 5
474 847 608 875 Praesto.
637 863 675 869 -·
703 845 755 876 3b.
776 846 794 875 2
814 857 858 885 sq.
879 857 981 884 preces
1003 848 1135 876 omnium
1156 848 1205 876 die
1224 849 1293 876 isto.
1322 863 1353 866 —
1372 846 1424 883 4a,
1441 845 1459 874 5
1478 856 1511 884 sq

181 886 273 913 Galea
300 893 366 913 cum
387 885 460 914 luna
481 887 682 923 omniumque.
707 901 747 905 —
772 885 825 921 51³,
847 886 864 915 5
885 887 1007 914 radiosa
1024 885 1131 924 (gegeu
1151 887 1208 914 den
1229 884 1333 921 Reim).

1365 902 1401 906 —
1431 868 1522 920 6b‚e}

180 922 222 952 Et
247 925 388 952 iumentis
414 927 520 954 utrem.
550 941 588 945 —
613 926 673 954 Die
693 925 921 954 Unebenheiten
946 927 988 953 im
1010 926 1103 954 Sinne
1122 925 1183 953 und
1203 925 1308 954 Reime
1328 926 1377 954 bei
1396 925 1522 953 Klausel

182 961 226 991 6a
245 962 306 991 und
327 962 372 992 61>
392 964 494 992 lassen
515 967 679 997 vermuten,
702 964 766 992 (lass
787 965 838 993 der
857 965 935 993 Text
954 964 1019 992 hier
1037 964 1178 992 verderbt
1197 965 1246 992 ist.
1275 979 1311 982 —
1339 962 1391 998 9a,
1411 962 1429 991 2
1451 963 1521 991 effu-

181 1001 262 1030 disti.
282 1016 322 1021 —
340 1003 484 1031 Melodie:
507 1003 583 1031 Ave
603 1003 806 1040 praeclara
825 1004 939 1031 maris
961 1003 1091 1038 stella,
1114 1003 1186 1030 aber
1206 1004 1262 1031 mit
1275 1004 1395 1039 einigen
1408 1002 1520 1031 Ander-

181 1049 290 1078 ungen.
313 1041 379 1077 Vgl.
402 1041 451 1069 die
470 1041 608 1078 folgende
629 1041 772 1078 Sequenz.

610 1194 679 1226 225,
710 1194 754 1226 De
777 1195 890 1226 sancta
909 1193 1102 1226 Katharina.

641 1286 672 1319 1.
698 1285 780 1328 Ave,
808 1285 979 1326 praeclara

697 1334 790 1375 virgo
815 1343 918 1375 gnara

703 1384 736 1414 et
762 1382 890 1415 doctrix
917 1382 1070 1422 gentium,

699 1433 812 1464 sancta
838 1430 1033 1464 Katharina.

188 1528 250 1560 2a.
277 1525 381 1567 Euge,
407 1526 471 1559 Dei
495 1535 627 1568 sponsa,

186 1869 247 1901 33.

181 2162 240 2194 4a.

277 1574 389 1607 mundi
415 1575 584 1616 absconsa,

277 1622 364 1657 Costi
390 1624 475 1665 regis
499 1627 586 1664 nata,

276 1671 318 1704 ad
334 1672 507 1710 Christum,
523 1681 631 1713 regem
643 1672 815 1715 caelorum,

275 1721 436 1753 advocata

275 1769 330 1811 sis,
357 1778 560 1810 quaesumus,
587 1772 690 1810 grata.

275 1866 322 1899 Te
348 1867 478 1906 plenam
502 1864 568 1898 fide

275 1915 481 1948 attendentes
506 1914 701 1958 homicidae,

273 1964 435 1997 idolorum
462 1963 612 2005 cultores,

273 2013 382 2046 edocti
405 2012 546 2047 Domino

273 2065 391 2096 vovent
415 2061 581 2095 oboedire.

268 2160 318 2194 Tu
344 2170 461 2201 agnum
487 2168 596 2201 regem

272 2210 392 2251 colens,
427 2210 483 2250 qui
508 2213 660 2250 magnum
685 2217 815 2249 gregem

269 2258 385 2300 populi
410 2257 567 2300 sanguine

271 2308 422 2351 redemit,
448 2309 652 2349 peremptum

273 2357 428 2390 damnoso
455 2355 599 2395 crimine,
626 2356 736 2397 palam

270 2406 426 2439 extulisti.

887 1527 949 1561 2b.

886 1867 944 1901 3b.

886 2160 948 2195 4b.

974 1528 1087 1569 Virgo,
1117 1527 1215 1560 decus
1238 1527 1317 1572 poli,

975 1577 1147 1609 coniuncta
1171 1577 1243 1618 soli,

976 1628 1086 1658 castae
1109 1626 1223 1658 matris
1249 1625 1345 1666 proli,

975 1676 1021 1716 tu,
1046 1673 1179 1714 pietatis
1206 1675 1345 1713 alumna,

974 1730 1099 1754 mersos
1123 1722 1159 1754 in
1184 1731 1339 1755 aerumna

975 1780 1034 1803 nos
1059 1779 1215 1811 spernere
1240 1770 1318 1803 noli.

972 1869 1020 1901 Te
1045 1867 1167 1908 lignum
1193 1867 1280 1900 vitae

974 1975 1036 2006 quo
1062 1964 1187 1998 munita
1212 1965 1361 1998 rhetores

975 2013 1188 2056 confundens,
1215 2013 1293 2046 fidei

973 2063 1113 2096 suadens
1139 2063 1308 2098 assentire.

975 2161 1089 2202 Tuque
1116 2159 1278 2194 furentem

973 2210 1080 2251 ignem
1107 2213 1220 2243 vetans
1245 2214 1393 2243 urentem

974 2258 1110 2300 capillos
1135 2259 1269 2292 laedere

972 2317 1012 2340 ac
1034 2310 1155 2341 vestem
1183 2309 1355 2341 caelestem

974 2365 1190 2398 coronamque
1217 2357 1424 2390 credentibus

973 2405 1191 2446 spopondisti.
