1656 2690
203 388 265 420 4a.

206 552 266 584 5a.

207 716 267 750 6a.

209 885 264 915 7a.

209 1049 272 1081 Sa.

210 1212 272 1244 9a.

192 1375 236 1410 10
249 1386 278 1409 a.

191 1540 232 1575 11
247 1551 276 1573 a.

192 1754 234 1788 12
246 1764 274 1787 a.

193 1970 277 2003 13a.

722 128 962 164 -59.-

292 223 380 257 Hinc
405 224 566 257 exclamat
589 234 671 258 voce
697 226 787 260 clara
864 227 922 261 3b.
949 222 1512 266 Laudempromitvirginisinclitae,

291 272 400 304 Mater
421 281 511 315 cana,
539 272 609 305 Deo
637 283 722 313 cara,

342 320 487 361 Cognata
513 320 728 362 christiferae,

949 275 1065 307 Fetum
1084 275 1195 314 prodit
1215 272 1332 305 fertilis
1349 271 1508 313 hospitae,

1001 323 1130 356 Clamor
1153 319 1406 363 praeconiferae.

293 387 365 420 Hac
388 388 423 420 in
451 388 503 420 die
529 390 626 430 porta
649 391 749 429 patet,
865 391 926 424 4b,
954 390 1075 431 Regem
1091 391 1203 431 portat
1215 388 1350 421 vernula
1369 387 1513 428 divitem,

294 435 332 467 ln
348 445 412 476 qua
425 436 580 479 princeps
594 445 706 478 regum
718 438 810 477 latet,

341 485 447 517 Aulae
470 483 531 517 flos
558 484 733 526 virgineae.

293 550 387 584 Haec
412 553 462 584 est
488 552 560 585 dies
586 553 784 593 veneranda,
871 554 932 587 5b.

295 601 334 633 In
360 610 424 641 qua
449 601 551 633 claret
575 602 770 634 admiranda

343 649 441 691 Regis
465 649 665 689 incarnati03

296 716 358 749 Est
382 717 516 749 inventa
541 717 689 749 baiulare
870 717 928 752 6b.

298 765 430 797 Dulcem
456 763 597 797 fructum
623 765 694 797 sine
718 773 798 804 pare

345 812 484 845 Florcns
509 812 591 845 Levi
617 813 755 854 virgula,

296 882 408 922 Agnus
434 880 496 914 Dei
524 882 574 913 est
599 881 733 913 emissus
872 881 930 916 ¹7b.

295 930 350 963 Ad
374 931 515 962 montem
540 932 616 962 tuae
632 929 811 970 promissus

351 978 509 1010 Visitator
534 977 639 1019 filiae3

296 1047 424 1086 Sponsa
448 1046 534 1086 regis
560 1045 780 1078 accumbentis
871 1045 932 1080 81»,

302 1094 406 1127 Nares
433 1094 528 1126 nardi
553 1093 730 1126 redolentis

345 1142 517 1175 Demulcet
539 1142 704 1184 odoribus,

299 1212 338 1243 In
362 1211 517 1242 montana
542 1208 736 1241 festinanter
879 1210 938 1244 9b.

303 1258 393 1301 Abit,
421 1257 509 1290 subit
534 1256 727 1290 festivanter

351 1307 445 1339 Vatis
473 1306 688 1347 domicilium3

305 1375 419 1409 Dulcis
443 1374 519 1414 piae
543 1382 605 1407 vox
631 1373 768 1415 Mariae,
855 1374 937 1408 iob.

302 1425 372 1458 Vox
399 1423 524 1464 salutis,
550 1430 616 1456 vox
645 1422 775 1455 virtutis

351 1471 471 1513 Tangit
495 1480 600 1513 aureS‚
629 1471 765 1503 viscera.

303 1540 370 1582 En,
396 1539 573 1580 prophetes
598 1548 683 1571 nova
708 1536 808 1579 fatur,
852 1538 936 1573 iib.

304 1589 404 1629 Quem
419 1589 523 1621 virum
535 1588 820 1629 circumplexatur,

302 1639 342 1671 1n
368 1638 501 1678 antiqua
526 1636 753 1677 praesignatur

355 1685 449 1718 Nova
474 1685 713 1726 tympanistria.

303 1753 400 1794 Ecce,
427 1756 542 1794 mater,
572 1753 660 1785 cuius
687 1756 803 1786 venter
853 1753 937 1786 121).

307 1802 370 1835 Est
394 1802 509 1835 beatus
536 1802 726 1842 eminenter,

305 1851 402 1885 Cuius
429 1850 554 1883 fructus
579 1852 809 1891 permanenter

354 1899 460 1932 Datur
485 1908 609 1932 merces
635 1898 729 1939 filiis3

305 1968 364 2002 Pia
389 1971 503 2011 mater,
530 1976 612 2009 quae
637 1970 794 2009 cognatae
855 1968 898 2002 13
908 1968 937 2000 b.

308 2016 481 2051 Profecisti
504 2017 705 2058 gravidatae,

305 2067 358 2100 Da
384 2076 441 2099 nos
468 2075 591 2098 morum
620 2065 780 2107 gravitate

306 2116 435 2156 Gratos‚
462 2115 534 2157 pios
556 2115 728 2148 ordinatae

353 2163 451 2197 Fidei
475 2164 535 2196 sub
562 2165 685 2205 regula.

956 438 1015 477 Qui
1037 436 1198 470 confortat
1215 445 1348 469 munere
1367 435 1514 478 militem,

1004 486 1122 526 Stirpis
1149 485 1416 526 consanguineae.

958 553 1086 586 Rubum
1114 553 1218 585 cernit
1239 551 1471 585 inflammatum

957 601 1028 633 Nec
1053 601 1160 633 virore
1187 600 1420 641 depraedatum

1005 649 1093 681 Mira
1116 648 1307 682 foederatio.

958 716 1057 755 Quem
1085 717 1142 748 dat
1167 725 1229 756 ope
1250 716 1427 756 pressionis

958 764 1077 797 Rorem
1105 765 1207 798 vellus
1235 763 1410 806 Gedeonis,

1010 812 1140 845 Ventris
1172 813 1284 845 condit
1306 811 1477 844 conchula.

958 880 1010 912 De
1033 879 1146 913 radice
1171 880 1300 912 scandit
1325 879 1415 912 Iesse

962 928 1080 970 Virgae
1107 929 1206 962 decor
1223 928 1301 960 hinc
1319 936 1479 969 egressae,

1011 978 1132 1010 Plenae
1158 976 1218 1009 flos
1246 977 1435 1010 munditiae.

961 1044 1074 1078 Gnara
1098 1045 1210 1086 sponsi
1236 1044 1395 1077 venientis

960 1094 1064 1126 Audit
1088 1102 1198 1126 vocem
1225 1093 1371 1125 salientis

1010 1142 1114 1175 Trans
1134 1141 1232 1174 colles
1251 1142 1285 1173 in
1302 1142 1475 1174 montibus.

967 1210 1087 1243 Visitat
1112 1219 1148 1242 se
1172 1210 1343 1253 seniorem,

967 1257 1094 1291 Salutat
1120 1259 1224 1291 maior
1248 1259 1405 1291 minorem

1016 1306 1121 1339 Velox
1147 1307 1189 1339 ad
1216 1305 1368 1340 officium.

965 1375 1039 1407 Vox
1066 1377 1223 1415 cognatae
1250 1375 1411 1415 visitatae,

965 1422 1037 1455 Vox
1063 1431 1190 1462 sonora,
1216 1432 1280 1455 voi.
1309 1423 1440 1466 decora,

1018 1471 1080 1504 Dei
1106 1472 1228 1504 mirans
1254 1480 1397 1506 munera.

962 1539 1024 1584 En,
1052 1539 1168 1571 levites
1193 1544 1417 1585 prosperatur,

967 1587 1140 1620 Trimestri
1167 1597 1237 1622 cuni
1259 1598 1321 1629 quo
1339 1591 1484 1621 moratur

967 1637 1056 1669 Arca
1081 1636 1154 1678 Dei,
1183 1637 1356 1669 comitatur

1017 1686 1132 1718 Totam
1161 1686 1288 1718 domum
1317 1685 1418 1726 copia.

966 1753 1030 1785 Hic
1056 1756 1105 1785 est
1130 1763 1208 1795 ager
1234 1754 1436 1795 spiramenti,

965 1801 1031 1833 Hic
1056 1811 1138 1834 urna
1165 1802 1402 1843 delectamenti,

967 1850 1032 1882 Hic
1057 1859 1194 1883 acervus
1216 1854 1264 1882 est
1290 1850 1455 1893 frumenti,

1015 1899 1075 1940 Qui
1102 1900 1244 1932 vallatur
1269 1900 1359 1934 liliis,

966 1967 1034 2000 Fac
1058 1977 1129 2009 nos,
1157 1970 1271 2001 auctor
1297 1968 1439 2009 pietatis,

968 2017 1093 2050 Milites
1118 2017 1312 2050 humilitatis

968 2065 1033 2098 Hic
1059 2067 1176 2099 mereri
1204 2075 1275 2098 cum
1302 2067 1406 2099 beatis

969 2114 1094 2147 Fructu
1120 2117 1196 2148 tuae
1222 2115 1377 2149 bonitatis

1016 2162 1120 2197 Refici
1145 2174 1206 2205 per
1230 2165 1371 2198 saecula.

259 2252 344 2281 Miss.
365 2261 420 2279 ms.
443 2251 472 2281 S.
493 2252 609 2280 Mariae
631 2252 663 2279 in
685 2250 836 2287 Capitolio
860 2252 1035 2279 Coloniensi
1056 2259 1134 2280 saec.
1157 2249 1233 2281 1⁴l15.
1269 2251 1340 2280 Cod.
1364 2251 1394 2279 S.
1412 2253 1529 2281 Mariae

181 2294 212 2320 in
234 2291 386 2328 Capitolio
410 2291 566 2320 Colonien.
594 2299 617 2318 s.
644 2300 674 2318 n.
701 2290 769 2318 add.
791 2298 868 2318 saec.
891 2289 937 2318 15.
959 2291 994 2318 Α.
1017 2306 1052 2310 -
1075 2290 1157 2319 Orat.
1180 2299 1235 2319 ms.
1257 2300 1281 2318 s.
1303 2290 1455 2320 Caeciliae
1475 2291 1530 2319 Co-

180 2332 326 2360 loniensis
355 2339 433 2359 saec.
466 2328 510 2358 15.
555 2330 625 2358 Cod.
648 2330 803 2358 Colonien.
827 2327 852 2357 1.
876 2330 907 2357 Β.
930 2348 936 2351 -
986 2327 1039 2362 21),
1062 2328 1080 2357 2
1100 2331 1195 2366 gessit
1214 2330 1248 2358 Β.
1269 2345 1308 2348 -
1329 2327 1386 2364 3b,
1408 2331 1426 2359 3
1447 2339 1530 2367 prae-

180 2370 297 2399 coferae
318 2369 352 2399 B.
374 2385 411 2389 —
432 2368 488 2404 4b,
505 2367 523 2396 2
544 2369 671 2398 militem
692 2377 814 2396 munere
834 2368 868 2396 B.
890 2384 928 2388 —-
950 2367 1000 2404 7a,
1019 2367 1033 2396 1
1055 2370 1159 2405 Agnus
1180 2370 1249 2406 pius
1272 2372 1319 2397 est
1332 2370 1365 2397 Β.
1386 2385 1392 2389 -
1446 2369 1497 2404 sia,
1513 2368 1531 2397 2

179 2412 233 2438 tua
254 2410 287 2437 B.
316 2423 354 2428 ——
383 2409 442 2437 Str.
475 2407 538 2437 Ha
565 2408 643 2437 fehlt
663 2409 697 2436 B.
725 2421 764 2425 —
793 2405 864 2441 Hb,
887 2405 903 2435 1
927 2407 977 2435 En
1001 2407 1160 2445 prophetes
1181 2409 1215 2436 Β.
1246 2424 1282 2429 —
1310 2407 1346 2437 13
1356 2416 1382 2443 a,
1422 2408 1531 2436 'Grati

180 2448 241 2477 AB.
264 2463 301 2468 —
318 2448 452 2476 Melodie
473 2447 618 2477 offenbar:
641 2445 791 2475 Laudes
813 2448 939 2475 crucis
961 2447 1197 2475 attollamus.
