1656 2690
713 149 756 153 -—
809 128 879 164 237
933 148 977 154 ——

634 223 701 254 272.
733 223 778 256 De
799 223 910 255 sancto
931 223 1039 256 Paulo.

178 295 239 328 12..
267 293 404 327 Doctori
430 296 585 336 gentium,
882 296 941 330 lb.
971 296 1098 329 Pastori
1125 294 1275 338 gregibus

317 342 450 384 Gentes,
477 343 670 385 adplaudite

267 391 416 431 Votaque
440 391 597 424 mentium

316 439 402 472 Voce
429 440 622 480 depromite.

1018 345 1133 378 Curam
1159 344 1358 385 impendere,

966 394 1135 425 Pastorem
1162 391 1275 425 ovibus

1015 441 1178 474 Incumbit
1202 440 1318 473 colere.

178 509 240 540 2a.
268 506 420 539 Electum
444 508 622 548 vasculum,
879 508 939 542 ab.
966 509 1120 548 Exempli
1146 507 1283 548 gratiam

268 554 411 588 Honoris
437 555 596 589 ferculum
968 556 1091 590 Laudis
1117 557 1285 588 materiam

314 604 467 637 ‘rumoris
493 613 628 637 vacuum
1013 605 1053 637 In
1078 605 1141 637 hoc
1166 603 1280 636 exsilio

266 652 343 685 Iure
367 653 547 693 percolitis‚
967 652 1102 685 Confert
1127 654 1160 685 et
1183 652 1335 693 gaudium

265 701 326 740 Qui
353 701 423 733 veri
448 701 604 741 quaeritis
964 700 1118 735 Doctoris
1143 703 1286 741 gentium

315 748 430 782 Fontis
455 749 624 790 irriguum.
1013 749 1114 782 Sacra
1140 749 1318 783 conversio.

176 818 195 850 3
210 825 239 849 a.
267 815 384 857 Rapax
410 825 514 859 mane,
879 816 937 850 3b.
967 816 1058 848 Parit
1081 818 1187 849 mater

314 864 394 897 Sero
420 864 600 906 munificus,
1011 864 1145 897 Doloris
1170 863 1283 904 filium,

265 911 339 945 Non
362 913 459 946 inane
964 912 1068 945 Vocat
1092 914 1187 953 pater

310 961 479 994 Beniamin
506 962 635 1003 typicus
1017 961 1164 993 Dextrae
1188 959 1375 1001 suffragium

357 1009 447 1042 Tulit
472 1010 663 1051 auspicium.
1068 1009 1191 1042 Doctus
1216 1008 1417 1049 mysterium.

173 1080 234 1111 4a.
262 1078 354 1118 Quod
380 1077 497 1111 Saulus
523 1079 642 1119 rapuit,
868 1078 930 1111 4b.
960 1077 1062 1117 Quem
1088 1078 1201 1110 Annas
1227 1077 1343 1110 statuit

261 1126 381 1160 Paulus
408 1127 585 1170 distribuit,
1007 1126 1132 1159 Ducem
1158 1125 1312 1167 malitiae,

309 1174 432 1208 Divisit
456 1176 563 1215 spolia
652 1172 667 1188 *
965 1174 1112 1207 Christus
1138 1174 1285 1207 exhibuit

309 1222 406 1264 Legis
431 1224 464 1256 in
492 1224 607 1264 gratia.
702 1212 717 1228 *
749 1249 766 1266 *
799 1209 815 1226 *
1013 1223 1201 1256 Ministrum
1227 1224 1362 1264 gratiae.

701 1289 718 1305 *
798 1288 814 1304 ss

172 1322 232 1354 52.
260 1319 345 1352 Dum
369 1323 465 1353 vacat
483 1321 668 1360 caedibus,*
847 1320 933 1355 *5b.
966 1319 1053 1364 „Cur
1078 1329 1130 1352 me
1154 1321 1369 1364 persequeris,

309 1367 469 1402 Caecatus
494 1371 626 1412 corruit,
963 1369 1071 1407 Saule,
1098 1377 1160 1401 nec
1184 1368 1347 1410 sequeris?

258 1417 370 1458 Lapsa
397 1418 438 1450 de
462 1417 602 1451 nubibus
1008 1417 1073 1451 Cur
1098 1417 1130 1450 in
1157 1418 1304 1451 aculeum

306 1467 378 1500 Vox
405 1475 475 1499 eum
502 1468 627 1509 arguit:
1006 1465 1117 1499 Vertis
1143 1465 1352 1499 calcaneum?

171 1545 231 1577 Sa.
264 1544 363 1588 „Cum
390 1553 443 1577 me
468 1545 686 1586 persequeris,
874 1543 935 1578 6¹0.
967 1544 1140 1589 „Excessit
1164 1543 1272 1585 litera,

260 1592 434 1626 Praestare
460 1594 605 1626 crederis
960 1593 1139 1627 Cesserunt
1164 1596 1287 1635 vetera,

306 1641 392 1674 Mihi
419 1642 618 1685 obsequium,
1008 1642 1206 1675 Praeconem
1234 1643 1359 1682 gratiae

258 1690 297 1723 In
323 1690 402 1723 meis
429 1690 587 1723 fratribus
961 1690 1009 1723 Te
1033 1699 1119 1722 nunc
1146 1690 1316 1734 constituo,

262 1738 413 1771 Cruentis
438 1740 586 1772 manibus
963 1739 1066 1780 Surge
1093 1738 1255 1778 continuo,

308 1788 479 1822 Versando
505 1787 674 1829 gladium?
1010 1787 1132 1820 Locum
1160 1787 1200 1819 do
1226 1785 1373 1820 veniae.“

171 1867 189 1898 7
204 1874 232 1898 a.
260 1866 285 1899 Ο
313 1866 411 1907 plena
437 1866 552 1910 gratia,
873 1866 931 1899 7b.
958 1865 1054 1899 Felix
1081 1865 1208 1898 vocatio

306 1915 358 1947 De
384 1915 473 1948 cuius
501 1916 627 1949 cumulo
1010 1914 1084 1947 Non
1110 1917 1247 1955 propter
1273 1914 1434 1955 meritum,

259 1964 380 1997 Arenti
406 1964 501 2006 copia
962 1964 1072 2004 Larga
1097 1963 1230 1996 donatio

306 2013 486 2046 Redundat
512 2014 659 2047 saeculo!
1012 2012 1078 2046 Sed
1103 2014 1236 2052 praeter
1265 2010 1427 2044 debitum!

170 2092 231 2125 8a.
260 2092 326 2125 Per
352 2101 456 2133 aquae
481 2092 632 2137 medium,
874 2091 935 2125 8b.
962 2090 1092 2124 Mutato
1120 2090 1249 2123 nomine

169 2319 233 2351 aa.

307 2141 370 2174 Per
395 2140 504 2182 ignem
528 2141 665 2182 spiritus

256 2189 310 2223 Ad
338 2189 546 2237 refrigerium

304 2239 439 2272 Transit
463 2238 629 2273 divinitus.

260 2318 328 2351 Par
355 2319 405 2351 est
429 2317 587 2358 apostolis

306 2366 439 2400 Vocatis
465 2366 628 2408 primitus,

257 2416 394 2450 Praeest
421 2416 570 2457 epistolis

306 2464 448 2498 Vocatus
476 2465 622 2498 caelitus.

1010 2140 1159 2172 Mutatur
1183 2138 1340 2180 moribus,

962 2187 1130 2222 Secundus
1157 2188 1283 2230 ordine,

1009 2238 1141 2271 Primus
1166 2236 1345 2270 laboribus.

874 2315 936 2351 eb.
964 2316 1031 2349 Ter
1054 2316 1156 2357 virgis
1184 2315 1333 2348 caeditur

1012 2364 1120 2398 Semel
1145 2363 1323 2406 lapidibus,

963 2415 1029 2447 Ter
1053 2414 1137 2446 mari
1162 2413 1319 2455 mergitur

1011 2462 1081 2496 Nec
1106 2462 1194 2503 perit
1218 2461 1381 2496 fiuctibus
