1656 2690
657 132 918 167 ——140—

161 235 179 267 5
192 243 221 266 a.
249 233 387 266 Sanctus
412 235 486 264 orat
510 234 541 262 et
566 231 699 269 ieiunat,

248 282 376 315 Christo
401 289 529 322 semper
555 288 590 311 se
616 279 738 310 adunat

296 329 395 362 Sacro
421 337 539 361 vacans
566 327 653 360 ritui.

160 400 179 432 6
191 407 220 431 a,
246 398 382 430 Praeses
389 399 484 429 vocat
492 397 576 429 hunc
583 395 761 433 inventum,

246 446 300 483 Et,
314 446 389 478 dum
401 445 491 477 vadit
502 444 543 477 ad
554 446 635 476 torm
641 445 759 478 entum.

295 494 402 534 Larga
425 492 464 525 fit
489 493 622 525 curatio.

158 565 218 596 7a.
244 563 302 595 Vir
328 570 503 602 ‘suspensus
529 560 682 602 laniatur,

248 611 293 644 Ut
316 610 454 643 offensus
481 609 692 649 compellatur

294 661 398 692 Ferre
422 656 625 691 sacrificium.

161 731 222 759 Sa.
249 726 340 760 Sicco
368 726 452 766 pede
477 734 576 765 supra
599 734 689 758 mare

250 774 403 807 Sanctum
426 775 517 807 videt
541 773 706 806 ambulare

297 823 367 856 Nec
391 823 478 855 cedit
504 822 655 855 malitiae.

161 893 218 925 9a.
247 890 300 923 Sic
326 899 385 931 pro
411 889 477 922 fide
504 889 683 923 decollatur

251 939 320 971 Nec
346 947 366 971 a
388 937 454 971 fide
478 941 667 978 segregatur

298 987 518 1028 Supernorum
545 986 671 1019 civium.

141 1056 184 1088 10
196 1063 224 1087 a.
252 1055 327 1087 Iesu
352 1053 445 1094 bone,
472 1057 508 1086 tu
533 1062 592 1085 nos
619 1053 687 1085 dita

251 1103 329 1134 Tuis
357 1102 448 1134 donis
475 1105 539 1134 tam
562 1101 595 1133 in
620 1101 687 1133 vita

300 1151 401 1190 Quam
425 1149 560 1190 perenni
586 1150 707 1190 gloria3

853 229 913 263 sb.
941 231 1026 264 Dum
1058 229 1093 261 in
1118 228 1202 261 hono
1227 236 1263 259 se
1289 227 1457 270 assuescit,

943 278 1078 311 Carnem
1099 278 1209 310 domat
1226 278 1257 308 et
1284 275 1459 317 compescit

988 327 1035 360 Et
1058 326 1170 358 subdit
1196 325 1338 365 spiritui.

853 394 913 428 eb.
941 395 984 428 Os
1010 405 1030 427 a
1056 392 1150 426 fauce
1177 392 1378 432 devulgatur,

943 444 1067 476 Porcus
1092 442 1180 474 redit
1206 443 1239 472 et
1263 442 1410 473 salvatur

990 491 1102 524 Victus
1128 490 1331 523 sustentatio,

857 559 913 592 7b.
940 558 1052 592 Hostis
1078 557 1160 590 furit
1182 559 1214 590 et
1238 557 1364 598 rebelli¹

941 609 1000 648 Qui
1027 616 1047 639 a
1071 605 1137 639 fide
1162 606 1273 646 nequit
1297 605 1387 648 pelli,

989 655 1127 689 Minitat
1150 654 1356 695 supplicium.

854 723 913 757 8b.
942 724 1031 756 Sicut
1057 723 1141 763 lapis
1168 722 1256 762 capit
1282 720 1429 761 fundum,

942 771 1042 804 Mersi
1071 772 1191 804 cadunt
1208 770 1242 802 in
1260 769 1459 810 profundum

992 820 1133 854 Comites
1159 819 1327 851 stultitiae.

857 888 916 921 9b.
943 888 1044 920 Fides
1062 888 1149 927 sapit
1165 890 1242 919 tunc
1259 885 1453 926 profectum,

945 935 1080 976 Quando
1108 936 1196 976 capit
1220 935 1283 966 iter
1309 936 1433 966 rectum

990 984 1037 1016 Et
1061 982 1227 1015 concludit
1250 982 1392 1014 trivium.

834 1051 915 1085 iob.
944 1052 995 1083 Ne
1021 1051 1210 1084 damnemur
1234 1052 1271 1081 ut
1297 1047 1432 1091 confusi,

947 1099 1043 1132 Salva
1069 1108 1138 1141 nOS‚
1163 1098 1218 1140 qui
1243 1107 1351 1132 sumus
1377 1098 1427 1129 usi

993 1147 1097 1181 Blasii
1121 1147 1285 1179 memoria.

207 1217 296 1246 Grad.
317 1225 354 1245 ms
386 1215 414 1244 S.
431 1217 575 1245 Gereonis
596 1217 666 1243 anni
683 1213 765 1243 1424.
801 1215 870 1244 Cod.
893 1215 970 1243 Mus.
992 1214 1129 1250 Archiep.
1146 1213 1300 1242 Colonien.
1317 1213 1361 1240 VI
1375 1210 1392 1238 -5
1423 1226 1461 1230 —

128 1255 182 1286 912,
196 1253 215 1282 2
235 1258 317 1292 capit
333 1258 386 1284 ita.
408 1270 445 1274 —
465 1254 609 1284 Melodie:
629 1255 831 1282 Maiestam
850 1255 1130 1282 sacrosanctae.
1152 1268 1188 1272 —
1210 1251 1267 1279 Str.
1279 1249 1306 1284 2,
1321 1249 1349 1284 3,
1366 1249 1383 1276 7
1398 1259 1428 1277 u.
1443 1248 1459 1278 9

129 1296 233 1332 zeigen
254 1295 453 1323 Binnenreim.

533 1387 595 1418 155.
626 1387 668 1418 De
691 1388 799 1418 sancto
820 1387 1054 1418 Bonaventura.

146 1460 204 1493 la.
232 1460 270 1492 In
296 1467 438 1500 superna
462 1459 647 1491 hierarchia

229 1507 374 1540 Iubilans
401 1516 473 1538 cum
499 1507 591 1547 prole
619 1507 672 1539 dia

234 1555 362 1588 (hi-isto
388 1555 483 1587 simul
510 1563 548 1588 ac
573 1555 681 1588 Maria

279 1603 471 1644 Sanctisque
495 1604 695 1645 perenniter.

146 1679 165 1708 ‘.·
177 1681 205 1705 a.
233 1671 280 1704 Te
305 1675 399 1712 pater
424 1671 690 1712 praedestinavit,

231 1720 284 1752 Ab
311 1728 390 1752 aeuo
413 1723 507 1752 natus
533 1720 670 1764 vocavit,

234 1769 378 1801 Pneuma
401 1771 436 1799 te
458 1766 647 1800 iustifieavit

281 1817 462 1850 Clementer
487 1817 520 1849 in
546 1819 702 1857 tempore.

144 1887 205 1919 3a.
231 1885 307 1918 luta
333 1884 427 1917 simul
454 1893 492 1917 ac
518 1884 667 1917 doctrina

231 1935 303 1966 Tua
329 1934 470 1966 clamant
492 1934 575 1966 haec
600 1933 719 1974 divina,

233 1983 324 2022 Quod
352 1985 482 2023 ereptus
508 1991 527 2014 a
552 1982 646 2013 ruina

279 2030 399 2063 Exstas
426 2029 532 2063 cuncti
558 2030 638 2062 vitii.

142 2100 204 2131 4a.
231 2098 280 2130 Te
304 2098 495 2138 gravissime
517 2098 723 2138 languentem

229 2146 347 2179 Matris
378 2145 418 2177 ob
445 2154 574 2186 precem
592 2144 769 2177 ferventem

231 2193 330 2226 Sacer
355 2194 452 2226 saluti
478 2194 670 2235 gaudentem

278 2242 472 2275 Franciscus
497 2242 648 2275 restituit.

145 2313 205 2346 5a.
234 2310 365 2344 Cinctus
392 2310 527 2343 cordula.
551 2309 714 2342 Minorum

232 2358 420 2392 Gradiendo
445 2359 514 2391 vias
539 2367 664 2390 morum

231 2408 285 2441 Ad
314 2408 483 2441 thesauros
508 2407 696 2440 meritorum

281 2456 420 2498 Aspiras
446 2456 613 2496 celeriter3

836 1457 894 1491 lb.
921 1457 1151 1490 Bonaventura
1170 1457 1274 1499 beate,

923 1507 987 1538 Per
1011 1508 1044 1538 te
1068 1504 1163 1537 nobis
1188 1504 1253 1537 sint
1278 1507 1412 1544 paratae

924 1554 1122 1595 Mansiones‚
1150 1561 1232 1594 quae
1253 1556 1318 1584 tam
1337 1556 1462 1593 gratae.

974 1602 1136 1635 Caelestes
1162 1601 1314 1634 finaliter.

835 1670 895 1703 ab.
922 1670 969 1702 Te
993 1670 1082 1703 Deus
1107 1667 1312 1710 gratificavit,

925 1719 1010 1751 Mire
1034 1727 1120 1750 nunc
1144 1716 1373 1759 magnificavit,

924 1767 1001 1800 Tibi
1026 1775 1135 1799 seeum
1158 1767 1371 1807 praeparavit

975 1815 1069 1849 Claro
1095 1816 1204 1848 sedem
1232 1823 1341 1856 opere.

837 1884 895 1918 31).
924 1885 1051 1916 sanctis
1077 1884 1220 1916 moribus
1247 1886 1389 1922 ornatus,

924 1931 994 1964 Deo
1019 1941 1142 1964 summo
1167 1940 1291 1964 summe
1316 1934 1439 1972 gratus.

924 1981 954 2012 A
981 1979 1104 2012 civibus
1128 1980 1305 2012 honoratus

973 2028 1169 2068 Sempiterni
1194 2029 1315 2071 gaudii.

837 2095 899 2130 4b.
926 2096 1022 2136 Capti
1049 2096 1126 2128 doni
1149 2106 1215 2129 non
1238 2096 1386 2138 ingratus

925 2144 988 2176 Per
1014 2148 1047 2177 te
1073 2153 1183 2178 cursus
1211 2148 1362 2178 exaratus

926 2193 1020 2226 Vitae
1045 2194 1149 2233 patris
1175 2196 1226 2226 est
1249 2198 1406 2237 sacratus,

973 2243 1042 2283 Qua
1066 2240 1147 2274 felix
1167 2243 1222 2274 hic
1244 2240 1365 2276 floruit.

837 2312 855 2342 5
864 2308 895 2344 b.
923 2310 1007 2350 Quos
1020 2312 1205 2351 contemptu
1218 2310 1464 2351 mundanorum,

926 2358 1019 2400 Fuga
1042 2359 1141 2390 saecli
1168 2363 1200 2391 et
1224 2358 1380 2391 honorum

926 2406 1117 2447 Affectuque
1142 2416 1355 2449 supernorum

979 2455 1132 2496 Congeris
1160 2456 1308 2492 viriliter,
