1656 2690
171 220 229 254 7a.
257 219 367 253 Mater
392 219 464 260 Dei,
492 219 583 260 virgo
609 229 701 262 pura,
866 222 924 255 7b.
951 221 1003 254 Ex
1029 225 1061 254 te
1090 224 1183 253 natus
1209 230 1273 253 non
1298 220 1431 260 negabit

256 267 324 300 Nos
352 270 481 308 egentes
507 270 564 299 tua
590 277 668 301 cura
951 270 1026 303 Tibi
1053 270 1237 310 quidquam,
1266 270 1324 302 sed
1344 268 1488 306 donabit,

253 317 283 348 A
309 316 436 356 pcccati
459 316 533 357 lege
560 316 641 349 dura
953 318 1116 360 Quidquid
1146 320 1248 359 petas,
1275 318 1364 351 ultra
1388 320 1491 349 metas

304 363 401 397 Solve
426 364 490 397 tuis
517 365 680 404 precibus,
1000 366 1046 399 Es
1071 366 1121 398 illi
1147 366 1306 399 amabilis.

166 433 226 466 ssa.
254 432 453 474 Angelorum
479 432 685 474 imperatrix,
866 435 924 467 Sb.
955 435 1066 477 Virgo,
1091 437 1195 467 mater
1221 433 1364 474 pietatis,

253 480 450 513 Miserorum
475 480 686 524 sublevatrix,
954 483 1042 515 Fons
1068 483 1165 515 totius
1193 482 1358 521 bonitatis,

253 527 334 561 Esto
359 529 415 570 pia
441 530 631 563 advocatrix
955 530 1072 563 Servos
1099 533 1174 563 tuae
1199 531 1381 564 sanctitatis

307 577 441 611 Cunctis
466 580 500 610 te
526 577 718 614 colentibus,
1004 579 1096 612 Caeli
1119 579 1229 620 pande
1253 580 1346 612 solio.

542 647 573 680 9.
601 646 694 679 Haec
718 647 774 678 det
798 646 866 678 nati
892 647 997 687 gratia

602 696 690 735 Quae
714 697 830 737 regnat
854 704 914 735 per
939 696 1079 735 saecula,

602 744 640 776 In
668 744 805 775 excelsis
831 744 936 784 gloria

647 791 733 824 Nato
759 789 828 832 regi
855 793 992 825 canitur.

229 857 365 887 Oration.
387 867 441 887 ms.
463 858 654 888 Gallicanum
675 867 752 887 saec.
775 856 820 887 13.
842 859 914 887 Geel.
935 859 1147 896 Cantaba-igme
1178 859 1221 888 Ff.
1241 859 1284 887 Vl
1309 856 1353 887 14.
1374 873 1412 877 —
1432 859 1489 886 Str.

152 897 168 924 7
179 898 194 926 b
217 908 244 926 u.
266 895 310 926 Sa
330 897 397 926 sind
419 897 571 927 vielleieht
590 898 797 926 umzustellen.
812 914 851 918 —
865 896 891 932 9,
908 896 926 927 3
941 907 984 935 sq.
1004 899 1121 926 canitur
1138 896 1143 934 Ι
1161 900 1236 927 Nato
1255 899 1318 934 regi
1332 897 1439 934 gloria.
1452 911 1488 916 -—

150 937 223 965 Man
243 936 357 965 konnte
378 938 410 964 in
430 937 666 966 Vorstehendem
687 939 736 965 ein
756 938 933 974 Reimgebet
951 939 1120 973 vermuten3
1150 938 1221 966 aber
1242 937 1308 965 dem
1329 937 1394 965 Bau
1413 936 1489 965 nach

151 977 192 1003 ist
218 985 248 1005 es
276 977 344 1004 eine
364 976 509 1012 Sequenz.
550 976 635 1004 Auch
660 977 702 1004 ist
726 976 802 1004 nach
830 976 887 1004 den
907 976 1111 1009 Notenlinien,
1137 977 1170 1004 in
1189 976 1300 1004 welche
1321 975 1368 1003 die
1391 976 1489 1004 Noten

152 1015 245 1043 leider
265 1015 348 1043 nicht
369 1015 561 1052 eingetragen
585 1016 661 1049 sind,
683 1015 736 1043 das
758 1015 884 1044 Gedicht
902 1016 950 1043 fiir
970 1015 1027 1043 den
1048 1015 1169 1052 Gesang
1188 1016 1347 1044 bestimmt.

585 1089 628 1122 10.
660 1088 696 1120 In
716 1089 895 1121 Nativitate
914 1089 1048 1122 Domini.

163 1154 220 1185 la.
249 1152 466 1193 Obstupescat
491 1154 608 1184 natura
860 1152 919 1185 lb.
948 1151 1026 1184 Cum
1049 1152 1099 1184 ius
1123 1152 1167 1184 sit
1191 1152 1350 1192 virginale

246 1199 415 1233 Frustrari
441 1210 500 1233 sua
525 1200 597 1233 iura
947 1200 1217 1234 Praenaturatum
1242 1201 1308 1233 tale

297 1250 334 1282 In
361 1252 460 1292 partu
486 1250 630 1290 virginis,
993 1250 1032 1282 In
1053 1276 1353 1285 ,,,,,,,,,

161 1319 220 1352 2a.
248 1317 312 1350 Sed
341 1317 618 1358 praerogativavit
857 1318 916 1350 2b.
945 1317 983 1350 In
1009 1327 1073 1359 qua
1097 1327 1133 1350 se
1157 1318 1347 1350 humanavit

247 1367 352 1400 Unam
378 1369 534 1399 naturans
560 1366 665 1399 David
945 1367 1134 1406 Statumque
1158 1367 1328 1407 reparavit

295 1415 346 1447 Ex
374 1414 482 1447 fructu
508 1415 650 1459 seminis,
989 1415 1133 1447 Humani
1159 1415 1297 1456 generis,

159 1485 219 1517 aa.
247 1483 300 1517 Ab
326 1484 434 1517 Adam
460 1483 662 1525 protoplasto
856 1484 916 1518 3b.
944 1483 1108 1524 Repulsae
1134 1483 1281 1524 paradisi

245 1532 398 1565 Damnati
421 1541 520 1573 pomo
545 1536 639 1572 pasto
944 1532 1010 1566 Gur
1035 1532 1146 1573 paruit
1170 1542 1211 1566 ex
1236 1532 1300 1564 nisi

293 1580 452 1623 Suggestu
480 1581 655 1622 daemonis,
991 1582 1150 1614 Mucrone
1177 1580 1346 1615 Cherubis

156 1652 218 1682 421.
245 1649 338 1681 Haec
362 1649 471 1682 Adam
496 1649 751 1690 transgressoria
855 1650 914 1685 412,
944 1646 1085 1682 Cunctos
1112 1649 1242 1682 humani
1268 1648 1410 1690 seminis,

252 1698 410 1740 Voluptas
437 1698 520 1730 caeli
544 1698 647 1738 gloria
943 1698 982 1731 In
1009 1707 1088 1739 quos
1113 1701 1230 1731 natura
1256 1697 1400 1730 criminis

295 1746 435 1780 Seclusit
459 1748 608 1788 posteros
990 1746 1060 1779 Lex
1085 1744 1180 1779 fluxit
1204 1747 1350 1780 miseros.

158 1818 219 1849 ba.
247 1815 312 1857 Sic,
338 1815 411 1858 heu,
438 1815 473 1847 in
497 1823 556 1847 nos
582 1814 716 1856 angaria
859 1816 917 1849 5b.
945 1815 1031 1855 Quos
1057 1825 1077 1848 a
1100 1816 1160 1848 tali
1188 1815 1286 1848 exitio

243 1865 362 1898 Mortis
387 1864 638 1905 sempiternaria
943 1864 1042 1898 Nulla
1065 1874 1205 1905 unquam
1231 1864 1379 1897 condicio

244 1911 392 1954 Simplex
418 1917 450 1945 et
474 1913 660 1945 necessaria
942 1914 1101 1947 Solvisset
1125 1923 1186 1946 nec
1211 1923 1231 1945 a
1257 1914 1335 1946 vitio

293 1963 392 1995 Venit
415 1962 593 2003 Adigenas,
988 1963 1077 1996 Pura
1101 1962 1288 2004 impunitas.

154 2032 213 2065 6a.
244 2030 347 2072 Quod,
373 2032 451 2072 heu,
484 2033 670 2064 sanctorum
696 2031 786 2064 milia
853 2032 914 2066 6b.
941 2031 986 2065 Et
1010 2032 1244 2073 prophetarum
1270 2040 1433 2075 numerus,

245 2077 436 2122 Senserunt,
463 2081 518 2122 qui
543 2080 659 2113 exsilia
939 2082 1026 2122 Quos
1051 2081 1243 2115 absumebat
1261 2080 1396 2125 inferus,

290 2128 425 2163 Inferna
450 2129 629 2171 subierunt,
989 2131 1085 2163 Nune
1109 2131 1199 2163 locus
1225 2131 1427 2166 miserorum.

157 2200 216 2232 7a.
246 2197 311 2232 Sed
338 2198 419 2231 caeli
444 2207 501 2231 rex
527 2198 746 2243 omniparens,
853 2199 911 2233 7b.
939 2199 1001 2232 Per
1027 2201 1076 2232 sui
1102 2202 1240 2232 mortem
1263 2198 1324 2232 filii

243 2246 347 2281 Nobis
372 2249 509 2289 paterne
535 2248 721 2289 condolens,
939 2248 1080 2290 Redegit
1104 2249 1138 2281 in
1163 2248 1293 2281 arbitrii

287 2296 406 2330 Damni
432 2297 656 2330 necessitatem
987 2298 1134 2332 Volentis
1158 2298 1354 2331 libertatem.

152 2367 214 2400 Sa.
243 2366 303 2407 Qui
331 2365 494 2399 Gabrielis
520 2366 633 2399 nuntio
851 2366 910 2400 8b.
938 2367 1044 2400 Homo
1071 2365 1202 2399 effectus
1228 2369 1321 2399 utero

241 2415 287 2450 Et
311 2416 446 2457 spiritus
472 2414 662 2448 umbraculo
939 2415 1117 2457 Tamquam
1131 2425 1270 2457 sponsus
1286 2415 1478 2449 dethalamo

290 2465 329 2497 In
355 2464 489 2506 virginis
515 2464 644 2498 Mariae
986 2466 1025 2498 1n
1051 2465 1113 2498 hoc
1139 2467 1186 2498 cst
1212 2467 1307 2497 natus
1335 2464 1397 2505 die,
