1656 2690
695 111 930 146 -24-

519 205 564 237 14.
594 206 630 238 In
651 203 947 244 Transfiguratione
966 203 1098 235 Domini,

149 276 164 309 1
186 285 215 309 a.
243 275 404 316 Splendor
427 276 533 316 patn's
560 278 592 306 et
615 274 719 315 figura
855 273 915 306 lb.
942 274 1023 306 Tres
1049 282 1214 307 assumens
1239 282 1347 306 secum
1371 276 1470 304 testes

295 323 337 356 Sc
361 322 597 356 transformans
619 322 717 354 hodie
985 321 1119 354 Scandit
1145 322 1263 355 montis
1290 321 1452 362 eulmina3

248 372 387 404 Nostrae
414 371 519 404 carnis
543 371 576 403 in
603 373 718 403 natura
938 369 1097 410 Splendet
1107 371 1226 412 vultus„
1239 370 1348 403 albent
1361 373 1475 407 vestes,

293 419 391 460 Signa
416 419 533 460 pandit
555 420 688 460 gloriae.
986 418 1076 450 Luce
1101 419 1184 451 nitet
1206 419 1342 460 gemina.

155 500 174 530 2
189 507 218 531 a.
248 496 410 537 Splendor
434 500 540 530 autem
566 495 661 529 faciei
850 495 910 528 2b.
937 495 1042 527 Adest
1065 495 1112 528 ibi
1137 496 1304 536 legislator

295 545 340 578 Ut
364 546 480 578 solaris
505 545 635 577 luminis
985 543 1117 583 Moyses
1142 544 1331 575 mitissimus

246 593 433 633 Niveaeque
457 594 577 634 speciei
937 592 983 624 Et
1007 590 1134 624 futurus
1163 592 1344 624 debellator

295 641 423 674 Candor
449 646 518 674 erat
542 641 702 682 tegminis.
986 639 1078 672 Elias
1105 639 1314 674 fortissimus,

160 721 178 753 :3
191 729 220 752 a.
249 719 273 752 O
300 727 352 751 res
375 727 500 760 magna,
527 718 633 751 factor
649 726 783 759 magnus
850 717 909 751 ab.
936 717 1009 750 Hoc
1025 719 1100 749 sunt
1118 717 1238 758 quippe
1252 720 1360 750 monte
1375 717 1474 759 digni,

294 768 455 800 Facturus
481 767 659 808 magnalia!
988 766 1083 798 Hunc
1107 766 1287 798 ascendunt
1311 766 1478 807 verticem,

248 816 331 849 Oves
359 815 448 848 ducit
469 816 556 848 mitis
582 824 682 856 agnus
938 814 998 854 Qui
1023 814 1187 855 triumpho
1214 823 1285 846 oum
1310 814 1430 855 insigni

296 863 419 896 'Montis
444 865 486 897 ad
513 863 674 896 sublimia.
988 861 1077 895 Caeli
1102 865 1213 894 tenent
1239 863 1374 903 apicem.

158 945 220 976 aa.
248 941 326 974 Vult
350 942 525 982 prophetas
550 944 628 974 tunc
652 940 767 973 adesse
858 940 916 974 4b.
943 940 1038 972 Alter
1064 944 1134 973 erat
1159 949 1229 972 cum
1258 939 1430 981 defunctis,

292 989 411 1022 Divina
436 990 590 1031 provisio,
984 988 1115 1028 Moyses
1141 995 1322 1029 supererat,

246 1038 292 1072 Ut
317 1036 473 1077 probetur
498 1041 563 1070 tam
591 1045 742 1077 expresse
935 1036 983 1069 Ut
1007 1039 1191 1069 cunctorum
1217 1046 1274 1069 rex
1294 1046 1333 1068 ex
1353 1037 1476 1068 eunctis

293 1085 413 1119 Nostra
438 1086 641 1118 resurrectio.
983 1084 1044 1117 Rei
1069 1087 1169 1117 testes
1194 1084 1350 1125 proferat.

223 1163 307 1190 Misi.
332 1170 385 1188 ms.
411 1162 594 1198 Hispalense
619 1169 696 1189 saec.
725 1158 801 1189 ¹⁴2¹15.
843 1159 912 1188 Cod.
939 1160 1031 1189 Univ.
1056 1160 1178 1189 Ianuen.
1200 1161 1225 1189 A
1250 1161 1309 1189 VII
1338 1158 1364 1189 3.
1386 1162 1421 1189 A.
1442 1176 1479 1180 ——

145 1202 218 1229 Mis·
250 1209 302 1228 ms.
329 1199 510 1237 Hispalense
535 1209 612 1229 saec.
636 1198 680 1227 15.
721 1199 791 1228 (jod.
814 1199 981 1227 Columbin.
1003 1199 1159 1235 Hispalen.
1180 1200 1299 1233 Vitrin„
1322 1198 1366 1227 12.
1387 1201 1421 1228 B.
1444 1215 1480 1219 —

143 1241 227 1268 Miss.
247 1239 427 1274 His-palense
456 1241 527 1276 imp.
548 1239 671 1275 Hispali
692 1236 775 1266 1507.
797 1238 828 1266 C.
848 1252 888 1256 —
908 1237 968 1266 Str.
989 1236 1032 1266 510
1054 1246 1117 1275 sqq.
1139 1238 1238 1266 fehlen
1253 1238 1309 1266 BC.
1334 1254 1368 1257 —
1394 1237 1445 1275 3b‚
1463 1237 1478 1266 1

145 1279 229 1307 Haec
250 1280 321 1306 sunt
339 1278 374 1305 A.
394 1292 434 1297 —
463 1279 522 1306 Die
542 1277 676 1314 Sequenz
697 1278 738 1305 ist
757 1276 895 1304 siehtlieh
917 1276 1150 1314 unvollstiindig.

562 1371 603 1402 15.
638 1371 674 1403 In
693 1370 879 1402 Inventione
899 1378 923 1402 s.
945 1369 1061 1402 Grneis.

157 1445 218 1477 la.
246 1442 384 1475 Sanctae
410 1442 513 1474 erucis
539 1442 737 1475 celebremus
855 1442 915 1475 1b.
944 1441 1151 1482 Signaculum
1175 1444 1381 1484 triumphale,

251 1490 422 1523 devotione
444 1491 630 1523 veneranda
941 1499 1001 1531 per
1014 1491 1100 1531 quod.
1113 1492 1227 1525 salutis
1243 1497 1479 1526 sacramentum

169 1571 227 1602 2a.
255 1567 466 1610 Sumpsimus,
855 1568 918 1602 212.
945 1568 1120 1609 Redempti

253 1616 347 1656 culpa,
371 1617 426 1656 qui
450 1626 509 1657 pro
535 1617 690 1660 parentis,
709 1617 782 1657 heu,
942 1625 1017 1657 ergo
1043 1619 1165 1658 gratias
1191 1627 1334 1660 agamus,

252 1673 377 1697 eramus
403 1666 530 1698 exsules
940 1674 1001 1705 per
1025 1666 1146 1707 lignum
1173 1668 1227 1708 qui
1252 1672 1387 1702 sanctae

247 1712 325 1746 facti
351 1714 487 1753 patriae.
941 1714 1080 1746 redemit
1105 1716 1209 1748 crucis

158 1794 216 1826 Sa.
243 1791 287 1824 Et
310 1790 444 1832 meritis,
471 1801 529 1824 nos
853 1793 912 1828 3b.
939 1793 978 1825 In
1003 1791 1135 1825 Domini
1158 1793 1304 1827 crucifixi

249 1839 393 1880 quamvis
418 1840 553 1884 indigni,
690 1837 709 1858 ²¹⁵
916 1837 1036 1873 *laude
1061 1849 1202 1875 consona

249 1888 393 1920 visitavit
417 1889 558 1929 gratuita
750 1886 768 1907 '³‘
870 1886 889 1908 '¹‘
941 1898 1020 1921 voce
1045 1889 1200 1923 melliflua

253 1937 293 1969 de
317 1936 448 1978 pietate.
738 1983 758 2000 ἐς
806 1935 825 1955 *
859 1983 879 2004 *
942 1937 1147 1971 concinamus
1174 1940 1310 1974 cantica.

159 2035 222 2068 4a.
250 2033 275 2066 Ο
295 2041 373 2064 crux
392 2034 542 2075 gloriosa,
568 2043 586 2066 o
606 2030 707 2066 crux*
853 2032 1042 2068 4b.*Salva
1066 2039 1270 2075 praesentem

249 2082 444 2123 veneranda,
941 2083 1095 2115 humilem
1121 2085 1248 2125 plebem

250 2138 333 2170 quae
356 2130 497 2169 pretium
524 2130 635 2162 mundi
942 2132 976 2162 in
1001 2131 1099 2164 laude
1123 2136 1180 2166 tua
1204 2134 1302 2167 hodie

250 2176 338 2210 ferre
361 2180 398 2210 tu
422 2178 579 2222 meruisti,
943 2175 1026 2224 [hic]
1053 2186 1289 2225 congregatam,

539 2247 570 2280 5.
597 2246 684 2287 Quae
709 2247 779 2280 sola
803 2246 894 2279 fuisti

596 2297 729 2335 portare
755 2296 853 2337 digna
876 2296 1043 2330 talentum.

232 2362 321 2392 Grati.
351 2370 405 2390 ms.
425 2363 654 2391 Ravennatense
681 2370 760 2390 saee.
789 2361 833 2391 11.
875 2362 946 2391 Cod.
975 2363 1072 2399 Capit.
1099 2365 1236 2393 Patavin.
1261 2367 1287 2394 A
1313 2366 1362 2395 47,
1389 2370 1427 2397 A.
1447 2386 1485 2391 —

152 2405 241 2439 Trop.
263 2404 294 2430 et
314 2401 453 2438 Sequent.
474 2409 527 2429 ms.
549 2399 580 2428 S.
597 2400 752 2429 Benedicti
770 2402 930 2430 Mantuani
950 2410 1026 2429 saec.
1050 2400 1095 2430 11.
1126 2404 1196 2432 God.
1219 2404 1314 2442 Capit.
1335 2399 1483 2438 Vei-ouen.

154 2443 238 2472 GVH
263 2439 349 2478 (100).
373 2441 405 2469 Β.
441 2456 473 2460 -
500 2439 589 2468 Grad.
613 2448 667 2467 ms.
689 2440 918 2469 Ravennatense
938 2449 1015 2469 saec.
1039 2439 1083 2469 11.
1128 2443 1198 2471 Cod.
1221 2443 1316 2480 Capit.
1337 2446 1483 2477 Mutinen.
