1656 2690
713 118 975 153 —132—

187 224 204 255 7
218 232 246 255 a.
275 221 380 263 Super
404 227 515 251 saxum
541 218 661 250 vitrum
684 217 804 249 iactum

272 269 336 302 Est
350 269 492 301 levatum
509 266 568 298 sed
582 275 647 298 non
662 264 812 307 fractum,

321 317 421 349 Petra
447 313 558 347 fundit
581 312 724 347 fiuvium.

183 378 244 411 8a.
270 376 396 417 Aegros
418 373 536 405 multos
563 373 617 414 qui
642 372 765 405 sanasti

270 424 481 462 Mortuosque
506 421 669 454 suscitasti

319 472 390 504 Tua
414 478 521 510 prece,

183 532 242 564 9a.
269 530 335 563 Pro
362 538 423 571 quo
449 528 624 561 decertasti
649 528 787 568 pridem,

271 578 368 611 Nunc
394 577 580 609 coniunctus
603 585 637 609 es
663 576 768 609 eidem

323 629 362 661 In
388 625 520 658 caelesti
545 625 663 666 patria.

883 216 942 250 7b.
967 215 1116 248 Membra
1143 213 1255 247 fratris
1280 213 1374 245 sanat
1392 210 1508 250 fracta,

970 264 1098 297 Christo
1124 263 1179 303 pia
1203 270 1302 303 prece
1327 258 1415 291 facta

1018 312 1111 345 Patri
1136 310 1247 343 reddit
1267 309 1380 342 filium.

881 370 944 404 8b.
971 370 1163 403 Animarum
1190 376 1275 400 nunc
1299 368 1471 406 languores

971 418 1066 462 Sana,
1093 420 1198 458 pater,
1223 425 1300 457 rege
1325 422 1442 455 mores,

1015 467 1126 508 Purga
1149 464 1251 499 faece.

881 526 944 559 9b.
970 526 1050 558 Post
1073 527 1105 556 te
1129 524 1225 555 trahe
1250 526 1338 554 tuum
1366 528 1506 561 gregem,

968 573 1014 607 Ut
1038 573 1185 605 videntes
1208 574 1314 603 tecum
1340 577 1448 610 regem

1014 619 1227 655 perfruamur
1252 618 1365 660 gloria.

252 708 337 736 Miss.
351 716 405 735 ms.
419 707 624 743 Raigradense
638 715 714 734 saec.
733 705 777 734 12.
810 705 880 734 Cod.
895 704 1074 741 Raigraden.
1100 685 1123 746 Ξ
1137 702 1153 730 1
1166 704 1185 738 β
1200 699 1226 728 2.
1245 700 1311 729 add.
1329 707 1405 726 saec.
1421 697 1464 727 15.

175 760 231 796 2a,
253 760 269 789 1
293 761 419 789 rutilans
440 758 481 787 fit.
501 775 540 779 —
558 758 613 794 412,
629 758 648 787 2
668 760 760 789 Fidus
782 762 892 789 auctor.
915 773 952 777 —
972 756 1024 791 721,
1047 755 1062 783 1
1089 756 1185 783 vitem.
1206 769 1244 773 —
1262 752 1395 782 Melodie
1413 754 1512 780 natiir-

176 801 252 828 lich:
273 801 318 828 In
338 806 502 836 superna
521 798 748 827 hierarchia.

495 902 556 933 145.
590 902 635 933 De
655 910 696 934 ss.
718 901 897 940 BenedictO,
918 900 1036 938 Mauro,
1058 898 1202 937 Placido,

742 948 947 982 Scholastica.

189 1023 248 1055 la.
277 1021 448 1055 Benedicti
473 1022 608 1062 grandia

275 1070 447 1110 Maurique
471 1071 654 1111 praeconia,

277 1117 405 1151 Placidi
428 1118 586 1158 martyria

327 1167 535 1206 Resonemus,

191 1226 251 1257 2a.
277 1224 437 1265 Regulam
463 1223 618 1264 exhibuit,

278 1272 328 1305 Re
353 1281 392 1305 ac
417 1271 516 1304 verbo
544 1272 663 1313 docuit,

278 1320 447 1353 Miraculis
472 1318 583 1353 floruit

328 1368 533 1402 Benedictus

192 1428 252 1460 3a.
279 1426 366 1458 Huic
392 1425 527 1459 Maurus
552 1426 713 1468 subditur,

282 1474 344 1506 Dei
371 1482 427 1507 vas
454 1473 604 1515 efficitur,

284 1521 389 1562 Super
413 1530 512 1562 aquas
538 1522 686 1563 graditur

334 1571 465 1603 Petrum
491 1578 637 1611 sequens,

194 1632 253 1664 4a.
280 1628 432 1661 Placidus
458 1627 701 1669 praeinnocens,

280 1677 320 1709 In
346 1675 491 1709 Siciliam
516 1684 665 1718 pergenS,

281 1724 405 1757 Nomen
433 1724 554 1757 Christi
583 1725 766 1765 exprimens

326 1772 526 1813 Fustigatur.

194 1834 254 1865 5a.
282 1830 483 1864 Scholastica
509 1831 624 1872 oravit,

283 1880 410 1912 Imbres
437 1879 561 1911 caelum
589 1880 733 1922 donavit,

282 1927 436 1960 Gressum
462 1926 574 1959 fratris
600 1929 719 1961 artavit

329 1976 376 2010 Et,
401 1984 578 2008 recursum.

884 1019 944 1053 1b.
974 1019 1196 1051 Scholasticae
1220 1018 1347 1055 merita,

974 1067 1095 1100 Christi
1122 1067 1207 1099 dona
1230 1066 1354 1106 inclita,

972 1115 1041 1148 Iam
1067 1124 1138 1147 cum
1163 1115 1261 1147 laude
1289 1112 1400 1146 debita

1020 1163 1248 1197 Memoremus.

886 1223 946 1256 2b.
977 1221 1108 1254 Claudis
1134 1229 1281 1262 gressum
1305 1219 1464 1260 tribuens,

977 1270 1107 1302 Mortuo
1133 1269 1233 1300 vitam
1259 1267 1402 1300 reddens

972 1318 1018 1350 Et
1044 1316 1153 1349 futura
1176 1324 1393 1357 praenoscens

1024 1366 1086 1399 Hic
1112 1368 1162 1397 est
1187 1365 1302 1398 dictus.

886 1426 944 1460 3b.
971 1426 1038 1458 Res
1063 1424 1162 1456 miras
1189 1424 1386 1465 exsequitur,

975 1473 1012 1506 In
1040 1472 1179 1505 Galliam
1206 1472 1356 1514 mittitur,

975 1521 1041 1554 Ubi
1069 1521 1194 1553 demum
1223 1520 1360 1553 moritur

1023 1569 1154 1601 Summa
1179 1572 1303 1609 petens

888 1628 947 1662 4b.
974 1627 1102 1668 Lingua
1126 1630 1202 1667 post
1225 1626 1392 1668 inciditur,

976 1675 1043 1708 Sed
1066 1676 1143 1707 hinc
1166 1675 1269 1716 magis
1293 1675 1438 1714 loquitur

977 1724 1030 1767 Et,
1060 1733 1130 1756 cum
1157 1726 1255 1764 caput
1280 1723 1451 1766 scinditur,

1028 1773 1219 1807 Coronatur.

892 1831 951 1867 5b,
979 1831 1082 1864 Nobis
1110 1831 1188 1862 dent
1212 1831 1377 1871 auxilium,

979 1879 1025 1912 Ut
1048 1880 1080 1911 in
1108 1878 1173 1911 fine
1197 1882 1378 1919 temporum

981 1927 1131 1961 Casinum
1158 1927 1326 1968 collegium

1028 1975 1172 2009 Scandat
1198 1984 1337 2007 sursum.

262 2043 345 2070 Miss.
368 2042 532 2071 Casinense
559 2051 636 2071 saec.
665 2042 709 2071 14.
731 2052 775 2071 ex.
817 2042 887 2071 Cod.
908 2042 1045 2070 Casinen.
1069 2039 1132 2070 128.
1162 2057 1199 2061 —
1226 2040 1279 2077 3b,
1301 2042 1321 2071 4
1340 2045 1455 2079 potem.

183 2080 236 2115 412,
261 2079 275 2108 1
297 2081 455 2109 incidatur.
478 2097 512 2100 —
534 2080 589 2116 410,
612 2080 630 2109 2
648 2081 705 2110 hic.
726 2097 765 2101 --
784 2082 855 2110 Mel.
876 2080 970 2108 wohl:
992 2082 1134 2109 Mariae
1155 2083 1371 2118 praeconio.

605 2175 668 2208 146.
698 2176 743 2207 Dc
763 2177 872 2208 sancto
893 2175 1100 2208 Bernardino.

198 2249 259 2282 la.
286 2247 386 2288 Apud
411 2246 607 2279 salvatorem
634 2247 797 2280 Christum

287 2296 448 2329 Mundum
463 2296 705 2328 recommendes
719 2295 827 2337 istum,

334 2343 569 2387 Bernhardffle,

335 2394 393 2426 Vir
420 2391 539 2435 divine,

382 2440 428 2475 Ut
450 2441 627 2474 mundetur
651 2442 777 2473 melius.

898 2247 958 2281 lb.
982 2247 1219 2289 Bernhardine,
1247 2247 1466 2290 praedicator²

986 2296 1193 2336 Paupertatis
1220 2296 1422 2336 observator,

1034 2344 1157 2377 Doctor
1182 2354 1328 2386 magnus,

1033 2392 1124 2424 Mitis
1151 2402 1262 2436 agnus,

1080 2441 1202 2483 Minor,
1229 2442 1287 2474 sed
1315 2442 1474 2483 egregius⁸
