1656 2690
139 240 201 272 2a.

141 598 198 630 Sa.

144 955 205 986 4a.

227 239 285 271 Nil
312 239 405 272 dulce
431 248 598 280 quaer-ene,

274 288 321 320 nil
346 287 485 320 amabile

227 336 332 378 Carni,
359 339 478 369 mundo

275 385 323 417 ve]
351 393 454 417 vanae
478 385 600 425 gloriae

228 432 349 465 Christi
371 432 430 464 sub
458 433 578 473 gremio

278 490 333 513 cor
358 481 479 513 humile

323 530 518 570 Requiescit.

227 596 371 638 Sponsus
396 606 546 638 sponsam

277 644 462 686 frequenter
486 645 625 678 instruit.

226 693 353 726 Novam
381 694 465 726 vitae

274 751 418 774 normam
444 742 593 784 instituit,

230 789 276 822 Ut
300 791 348 822 sic
373 790 405 821 in
432 799 560 833 sponsa,

276 841 373 878 prout
399 839 554 881 congruit,

326 886 523 920 Delectetur.

233 955 271 987 In
298 954 395 987 caelis
421 963 480 986 sua

279 1002 480 1035 conversatio

228 1051 314 1083 Miro
338 1050 471 1091 placens

274 1099 428 1131 virtutum
451 1098 543 1131 radio

227 1146 290 1178 Dei
315 1148 561 1187 sanctorumque

666 139 925 175 —138—

834 238 894 271 2b.

832 597 890 630 31).

832 955 891 988 41).

922 238 1034 271 Hostis
1061 241 1156 279 caput

970 287 1124 320 contrivit
1146 286 1285 330 fortiter,

919 336 1004 368 Dum
1028 335 1062 367 in
1091 335 1172 368 bono

967 384 1176 416 subcrescens
1201 383 1320 424 iugiter

920 433 1048 466 Christo
1074 442 1192 472 sponso

968 479 1032 513 frui
1058 479 1199 513 feliciter

1015 529 1207 562 Inardescit.

920 596 1021 630 Grato
1048 595 1160 629 fruens

966 653 1076 677 amore
1100 647 1266 686 properat,

919 694 1033 735 Iugum
1059 694 1170 735 sponsi

969 742 1056 774 ferre
1082 742 1256 783 desiderat,

919 790 1039 823 Libens
1067 793 1098 822 et
1123 799 1236 831 prona,

967 838 1053 880 quod
1079 841 1247 880 statuerat,

1015 885 1201 919 Profitetur.

919 955 1063 987 Tandem
1089 955 1176 986 vitae

969 1002 1130 1042 completo
1155 1002 1261 1034 stadio

919 1049 1036 1083 Mundi
1062 1049 1259 1082 transfertur

971 1099 1011 1130 de
1034 1096 1204 1139 naufragio

920 1147 966 1179 Et
990 1148 1022 1179 in
1048 1155 1171 1178 summo

278 1195 435 1234 colloquio
971 1194 1052 1227 caeli
1079 1194 1239 1226 consortio

326 1244 513 1276 Recreatur.
1019 1243 1210 1275 Coronatur.

142 1312 200 1343 53.
230 1310 290 1350 Sis,
318 1310 469 1352 Birgitta,
834 1310 892 1344 5b.
921 1311 945 1344 O
973 1310 1091 1352 Maria,

276 1358 370 1390 nobis
394 1358 548 1399 propitia,

226 1407 315 1438 Mira
340 1406 381 1438 de
405 1408 438 1437 te

279 1455 404 1487 clarent
428 1455 589 1495 prodigia,

230 1502 390 1543 Plebsque
414 1502 500 1534 laeta

277 1550 338 1582 Dei
363 1551 523 1591 magnalia

326 1597 512 1633 Confitetur.

972 1359 1066 1391 dulce
1090 1359 1301 1398 praesidium,

919 1407 989 1439 Fac
1013 1406 1174 1446 Birgittae

968 1463 1028 1495 per
1052 1455 1278 1494 patrocinium,

921 1503 968 1537 Ut
992 1505 1137 1544 optatum

969 1552 1002 1583 in
1030 1551 1127 1583 caelis
1152 1551 1301 1583 bravium

1017 1598 1120 1631 Nobis
1147 1600 1251 1633 detur.

212 1675 297 1702 Miss.
319 1683 372 1702 ms.
397 1675 610 1711 Hospitalense
631 1685 654 1703 s.
675 1677 822 1713 Birgittae
842 1684 918 1704 saec.
944 1674 986 1703 14.
1029 1675 1099 1704 Cod.
1121 1677 1257 1705 Vatican.
1280 1674 1371 1711 57423
1400 1677 1460 1705 bis:

130 1713 182 1741 fol.
199 1711 246 1740 42.
268 1714 306 1748 A;
326 1713 375 1741 fol.
396 1712 434 1741 47
454 1713 520 1749 (mit
538 1713 686 1749 Melodie).
708 1716 741 1743 B.
765 1730 800 1735 —·
826 1715 909 1742 Miss.
931 1724 985 1742 ms.
1007 1715 1251 1744 'Piechobucense
1271 1724 1341 1743 saec
1374 1713 1411 1744 14
1431 1719 1461 1744 et

128 1750 172 1779 15.
209 1753 279 1780 Cod.
301 1753 426 1788 Pragen.
448 1753 520 1781 XIV
542 1754 564 1781 B
583 1751 627 1780 17.
650 1753 681 1782 G.
701 1768 740 1772 —
758 1754 845 1782 Brev.
868 1763 921 1781 ms.
942 1755 1091 1790 Pragense
1112 1762 1188 1783 saec.
1207 1753 1251 1783 15.
1289 1754 1359 1783 God.
1377 1755 1460 1782 Alto-

131 1791 235 1818 vaden.
257 1792 351 1819 XXV.
374 1791 408 1818 D.
436 1806 472 1810 —
493 1792 577 1819 Miss.
600 1800 652 1819 ms.
676 1791 848 1821 Cremsense
870 1801 945 1820 saec.
969 1792 1012 1821 15.
1054 1792 1123 1820 Cod.
1145 1794 1270 1830 Pragen.
1290 1792 1350 1821 ΧΠ
1371 1794 1394 1821 Β
1418 1791 1462 1822 13.

130 1829 167 1856 Ε.
187 1844 227 1848 —
245 1830 329 1858 Miss.
353 1830 550 1858 Craeoviense
570 1831 640 1866 imp.
660 1831 882 1868 Nuremhergae
901 1830 982 1859 1492.
1000 1832 1031 1860 F.
1054 1846 1091 1850 —
1111 1833 1196 1860 Miss.
1210 1832 1372 1860 Lundense
1390 1833 1462 1869 imp.

130 1868 256 1896 Parisiis
277 1867 359 1897 1514.
381 1869 415 1897 G.
437 1883 473 1887 —-
497 1867 545 1903 la,
561 1867 578 1897 5
598 1870 650 1896 via
669 1872 785 1906 gratiae
807 1869 837 1897 C.
860 1885 895 1889 -
919 1868 968 1904 lb,
987 1869 1000 1898 1
1021 1869 1110 1897 Stans
1131 1871 1211 1899 foras
1231 1871 1292 1900 CD.
1314 1885 1352 1890 —
1375 1869 1389 1898 1
1403 1871 1430 1905 b,
1445 1869 1464 1898 4

130 1907 261 1935 dicenter
281 1907 320 1935 D.
345 1927 349 1928 ⁷
366 1923 375 1926 -
399 1905 448 1942 2a,
473 1906 488 1935 1
509 1907 593 1936 Nihil
613 1907 699 1935 dulce
719 1917 864 1945 quaerens
885 1912 916 1936 et
929 1909 997 1945 CD3
1019 1908 1096 1936 nihil
1118 1910 1247 1938 amabile
1263 1909 1294 1937 C.
1316 1924 1354 1928 —
1375 1907 1428 1943 2b,
1443 1908 1464 1937 4

130 1954 303 1973 succurrens
325 1947 360 1974 D.
383 1960 419 1964 —
440 1944 492 1980 21),
507 1944 524 1974 5
547 1946 659 1974 Christi
680 1947 714 1975 G.
736 1962 762 1965 τ
794 1944 845 1980 21),
862 1946 879 1973 ’7
893 1947 935 1974 Et
954 1947 1083 1975 ardescit
1097 1947 1128 1974 C.
1154 1963 1191 1967 —
1213 1946 1264 1983 3a,
1282 1946 1296 1975 1
1311 1947 1460 1985 Sponsam

129 1992 255 2020 sponsus
279 1985 340 2014 AG.
370 1999 404 2003 —
432 1982 482 2019 3a,
503 1984 522 2013 4
541 1985 663 2012 instruit
682 1986 719 2013 D.
754 2000 794 2004 —
813 1982 865 2018 3a,
888 1984 905 2013 5
926 1986 969 2014 Ut
989 1987 1033 2013 sic
1052 1985 1127 2013 fehlt
1147 1986 1187 2022 G3
1212 1989 1302 2023 prout
1321 1989 1464 2024 cognovit

129 2023 168 2051 D.
198 2042 228 2045 --
258 2021 310 2056 31),
334 2023 349 2051 1
368 2023 486 2051 fervens
507 2024 569 2052 AB.
599 2037 632 2041 —
656 2020 708 2056 31),
728 2022 749 2052 4
768 2024 941 2052 desiderans
962 2025 1001 2052 D.
1023 2038 1060 2042 —
1082 2022 1134 2059 31³,
1155 2024 1173 2053 5
1195 2028 1285 2062 atque
1305 2035 1402 2062 prona
1421 2027 1462 2063 C·,

133 2069 209 2097 quae
232 2064 376 2090 statuerat
392 2061 422 2095 C,
446 2064 496 2098 qui
516 2064 663 2091 statuerat
675 2062 712 2090 D.
726 2077 765 2081 —
785 2062 837 2096 5a,
852 2059 870 2090 3
883 2070 927 2098 sq.
949 2063 1062 2091 clarent
1075 2063 1111 2091 de
1126 2067 1155 2092 te
1169 2065 1204 2093 G.
1219 2079 1257 2084 —-
1277 2062 1329 2100 5a,
1344 2063 1361 2092 5
1382 2065 1464 2094 laeta

130 2100 205 2128 fehlt
220 2100 283 2136 CG3
308 2101 416 2129 laetari
430 2102 582 2137 magnalia
595 2101 632 2128 D.
653 2115 691 2118 —
712 2099 763 2135 51),
780 2099 797 2129 6
811 2101 886 2128 fehlt
901 2101 931 2129 O.
957 2117 993 2122 —
1013 2101 1050 2130 In
1064 2102 1091 2130 D
1105 2104 1154 2137 ist,
1177 2103 1315 2140 obgleich
1328 2104 1460 2136 Brevier,

130 2138 179 2166 die
191 2147 285 2175 ganze
298 2140 396 2167 Messe
410 2139 461 2167 der
474 2139 502 2167 h.
518 2140 646 2175 Birgitta
660 2140 858 2176 eingetragen.
878 2154 916 2158 ——
936 2137 1083 2169 Melodie:
1105 2142 1304 2170 Nativitas
1318 2143 1464 2174 Mariae

131 2178 307 2214 virginis.
329 2194 365 2198 —-
386 2178 444 2205 Die
466 2178 560 2206 casui·
580 2177 657 2205 nach
677 2178 742 2206 dem
763 2178 889 2206 zweiten
909 2178 1043 2208 Versfufs
1065 2181 1106 2208 ist
1126 2181 1170 2208 oft
1188 2182 1273 2209 nieht
1291 2181 1432 2218 gewahrt.

505 2281 565 2312 153.
599 2281 642 2312 De
663 2289 703 2312 ss.
724 2281 832 2313 Birino
855 2283 887 2313 et
906 2282 1083 2315 swithuno.

578 2363 608 2396 1.
636 2363 751 2396 Laude
776 2367 904 2396 resonet

633 2413 678 2453 te,
706 2411 845 2454 Christe,
874 2412 989 2445 devote

634 2461 772 2501 supplex
797 2464 915 2503 turma,
