1656 2690
183 233 243 265 6a.

181 592 238 623 7a.

173 857 236 890 Sa.

169 1265 229 1297 9a.

141 1430 185 1463 10
197 1439 227 1463 a.

139 1498 181 1531 11
193 1508 222 1531 a.

273 231 411 275 Christe,
440 236 637 280 redemptor,

268 280 293 313 Ο
321 282 514 326 dominator,

269 338 368 369 pasce
393 331 536 365 oviculas

267 379 349 423 tuas,
378 388 438 419 pro
465 381 580 421 quibus

268 426 308 457 ‹le
333 429 468 468 superni

259 476 370 514 patris
394 477 518 517 premio
546 478 672 521 venisti,

268 523 466 557 descendisti
493 527 535 558 ad
561 527 635 561 ima.

268 591 319 624 Ne
344 594 472 634 quando
498 595 604 635 possit

266 648 384 681 capere
411 646 592 676 creaturam

263 692 362 733 tuam,
389 690 538 732 Domine,

265 749 359 780 quam
387 738 535 772 formasti
561 739 593 770 in

310 787 441 820 laudem
466 791 566 820 tuam.

263 857 331 888 lam
357 859 513 888 resonant

261 913 357 937 voces
382 904 415 936 in
442 905 582 945 excelso,

261 954 325 986 iam
351 955 565 994 perstrepunt

260 1011 380 1043 organa
407 1001 524 1034 devota

261 1050 322 1082 tibi
345 1052 507 1094 canentes,
533 1049 674 1092 Christe,

259 1107 317 1131 rex
341 1100 407 1140 pie,

259 1155 318 1179 rex
343 1149 496 1180 aeternae
520 1146 656 1188 gloriae,

258 1195 385 1236 genitus
410 1198 487 1227 ante
511 1195 653 1229 saecula.

257 1263 471 1296 Exsultantes
499 1271 569 1295 curn
595 1262 663 1294 illis

255 1321 384 1353 semper
410 1314 443 1343 et
468 1312 627 1344 laetantes

254 1361 288 1393 in
315 1361 479 1394 caelorum
506 1369 616 1402 regna,

255 1429 323 1462 Iam
350 1429 456 1462 securi
484 1429 524 1461 de
549 1431 710 1462 tormenta

251 1497 329 1530 Siue
353 1497 418 1531 fine

252 1545 468 1586 perfruuntur

251 1596 439 1636 angelorum
462 1604 593 1638 manna,

882 238 940 272 61).
968 239 1110 273 Nostrae
1131 240 1245 273 salutis

969 289 1095 321 Auctor
1121 288 1253 321 effectus

966 337 1056 369 salve
1079 337 1207 377 plasma
1230 341 1298 379 tua,

967 394 1048 425 quae
1074 385 1150 417 olim
1175 394 1309 426 serpens

967 434 1131 466 devicerat

1134 497 1212 507 mvsa·
1254 497 1290 506 w

963 530 1130 562 suadendo
1157 530 1274 563 dulcia.

878 596 937 629 7b.
965 596 1013 628 Tu
1040 598 1125 629 enim
1152 598 1227 629 olim

962 649 1100 686 creator,
1126 655 1212 677 nunc
1237 650 1342 679 autem

963 696 996 724 et
1018 694 1187 734 liberator,

960 741 1082 782 largire
1109 742 1235 774 devotis

1008 790 1163 830 praemia.

872 855 932 890 8b.
958 857 1140 898 Iungamur
1162 866 1251 890 nunc

959 914 1055 938 voces
1082 905 1275 938 famulorum

959 962 1030 986 cum
1057 954 1170 986 electis

959 1003 1065 1035 choris
1091 1003 1276 1044 angelorum

958 1051 1053 1083 simul
1079 1059 1151 1083 cum
1176 1051 1364 1094 virtutibus,

959 1108 1029 1131 cum
1054 1099 1191 1142 thronis,

957 1147 1132 1180 Cherubim
1158 1157 1198 1181 ac
1219 1147 1391 1189 Seraphim

955 1199 1031 1229 ante
1055 1196 1209 1230 thronum
1235 1197 1397 1239 ardentia,

867 1262 926 1296 91).
955 1263 1208 1306 Gaudentesque
1243 1273 1312 1297 cum
1339 1266 1472 1307 sanctis,

954 1313 1009 1353 qui
1032 1321 1091 1345 nos
1115 1318 1376 1356 praecesserunt,

953 1361 987 1393 in
1013 1364 1147 1394 aeterna
1170 1363 1250 1396 vita.

844 1427 927 1462 10b.
955 1429 1088 1470 Iamque
1113 1430 1190 1462 laeti
1218 1429 1259 1463 de
1283 1431 1431 1471 praemia

840 1497 882 1531 11
893 1496 923 1530 b,
951 1498 1044 1537 Quod
1071 1500 1122 1529 est
1146 1498 1306 1541 Christus,

950 1545 1040 1578 Deus
1065 1549 1177 1579 noster

952 1603 1091 1636 regnans
1116 1595 1151 1627 in
1176 1595 1317 1631 saecula.

205 1663 295 1694 Grad.
317 1672 371 1691 ms.
395 1662 425 1690 S.
446 1662 606 1690 Laurentii
625 1663 658 1689 in
677 1659 833 1698 Verano(‘?)
854 1669 931 1690 saec.
955 1660 999 1689 11.
1022 1661 1093 1691 Cod.
1114 1662 1240 1690 Roman.
1261 1663 1396 1700 Angelic.
1413 1662 1458 1693 122

125 1701 161 1737 (Β
181 1703 228 1732 ΠΙ
252 1700 308 1738 18).
340 1717 375 1721 -
407 1698 461 1736 3b,
482 1699 501 1729 2
525 1705 623 1737 atque.
652 1716 692 1720 —
722 1698 774 1735 6a,
795 1698 814 1728 6
839 1700 979 1729 entbehrt
1002 1702 1036 1729 in
1060 1700 1112 1728 der
1138 1701 1469 1738 korrespondierenden

126 1741 254 1771 Klausel
277 1742 359 1769 eines
380 1740 612 1778 Gegengliedes3
639 1739 795 1768 vielleieht
816 1749 854 1767 zu
874 1740 970 1768 lesen:
992 1740 1029 1768 de
1049 1741 1186 1776 :upernis
1205 1740 1209 1776 Ι
1227 1739 1407 1771 descendisti
1430 1743 1468 1770 ad

125 1780 195 1810 ima.
215 1796 254 1802 —
276 1778 328 1816 6b,
352 1779 367 1808 1
390 1780 415 1808 O
438 1783 567 1808 nostrae.
589 1794 629 1798 -
655 1776 709 1814 8b,
731 1777 747 1806 7
769 1787 805 1806 ae
824 1779 908 1807 fehlt.
930 1794 965 1797 —
988 1776 1040 1813 8b,
1062 1775 1081 1806 8
1101 1780 1236 1807 sociante
1259 1780 1408 1809 thronum.
1429 1797 1468 1802 --

126 1819 199 1849 101).
220 1820 257 1848 In
278 1820 330 1848 der
350 1820 405 1848 Hs.
427 1819 500 1847 kein
520 1819 641 1854 Alinea3
664 1818 713 1846 die
733 1817 936 1846 auffallenden
951 1817 1079 1846 Formen
1102 1819 1278 1854 „tormenta⁴
1309 1818 1392 1856 (10a)
1405 1821 1467 1849 und

123 1860 261 1897 praemia
280 1857 365 1895 (lOb)
385 1858 453 1886 sind
474 1858 519 1886 als
541 1857 609 1887 echt
629 1858 774 1894 verbiirgt
795 1857 888 1885 durch
912 1856 961 1885 die
982 1859 1055 1886 stets
1075 1856 1226 1893 gewahrte
1248 1857 1466 1888 Endassonanz

122 1901 155 1927 in
177 1905 204 1929 a.
226 1914 264 1918 —
288 1897 321 1926 11
331 1907 358 1933 a,
381 1896 395 1926 1
420 1898 619 1934 perfluantur.

131 2040 150 2073 1
164 2048 195 2073 a.
221 2038 312 2071 Deus
338 2047 473 2079 magnus
497 2040 532 2070 et
553 2037 742 2077 immensus,

219 2087 320 2128 Quem
345 2087 467 2120 nullius
494 2086 582 2128 capit
606 2095 731 2122 sensus,

218 2146 363 2179 Verbum
390 2145 479 2180 cuius
506 2144 568 2178 fuit
593 2145 677 2177 oris:

218 2195 302 2229 Nolo
328 2197 465 2228 mortem
492 2194 686 2237 peccatoris,

218 2254 280 2294 Qui
304 2253 426 2287 latroni
451 2252 630 2295 pepercisti

216 2303 261 2337 Et
287 2304 428 2336 Mariam
454 2301 629 2343 exaudisti,

214 2363 328 2404 Regna
353 2362 429 2395 huic
456 2362 556 2394 dones
581 2359 651 2401 illa,

215 2412 283 2446 Ubi
310 2413 426 2444 cuncta
452 2413 528 2442 sunt
552 2408 741 2449 tranquiHa,

214 2470 276 2510 Qui
300 2469 437 2503 salvasti
463 2468 706 2510 Magdalenam,

129 2149 191 2183 2a.

128 2257 190 2289 32.

124 2366 185 2397 4a.

124 2474 187 2505 5a.

545 1973 594 2006 47.
625 1973 659 2006 In
681 1973 778 2006 Missa
798 1973 1034 2006 Defunctorum.

212 2519 308 2553 Omni
334 2518 499 2560 pravitate
523 2518 665 2559 plenam,

834 2036 893 2070 lb.
920 2036 1010 2069 Deus
1035 2036 1135 2070 iudex
1161 2036 1334 2078 aequitatis

923 2085 1003 2118 Cum
1028 2089 1191 2127 unguento
1218 2085 1361 2127 pietatis,

831 2144 892 2180 2b.
921 2143 986 2178 Sed
1014 2149 1053 2177 ut
1076 2145 1178 2186 magis
1207 2146 1425 2185 convertatur,

918 2192 1019 2232 Quam
1046 2195 1079 2227 in
1106 2194 1203 2234 culpa
1227 2193 1395 2228 moriatur.

829 2251 890 2285 3b.
920 2252 980 2292 Qui
1005 2252 1126 2285 latroni
1150 2252 1214 2284 iam
1243 2250 1332 2284 fideli

917 2300 1097 2334 Promisisti
1124 2310 1225 2342 regna
1251 2301 1342 2334 caeli.

825 2358 885 2394 4b.
912 2358 957 2392 Et
984 2362 1058 2400 post
1076 2359 1140 2391 ista
1165 2358 1303 2401 fugitiva

915 2409 954 2441 In
980 2412 1147 2441 aeternum
1174 2409 1243 2442 vita
1267 2408 1367 2441 vivat.

826 2466 886 2503 51).
912 2466 1065 2500 Animam
1090 2466 1185 2499 huius
1213 2464 1359 2500 defuncti

913 2514 1036 2550 Libera
1062 2515 1104 2550 de
1130 2516 1218 2549 omni
1242 2523 1359 2556 poena.
