1656 2690
125 207 185 239 ¹?a.

129 430 191 462 82.

130 653 190 686 9a.

138 1112 196 1144 la.

138 1287 198 1318 2a.

138 1460 198 1492 3a.

139 1633 200 1665 4a.

139 1808 201 1840 521.

140 1982 202 2015 6a.

143 2156 202 2187 7a.

140 2331 202 2364 Sa.

654 107 891 143 ...94-

212 206 378 239 chatores
403 205 626 237 mandatorum

216 254 270 287 Ad
294 255 399 286 instar
425 253 669 293 elephantorum

214 302 270 335 Ad
297 301 384 334 bella
409 305 668 342 provocatorum,

262 349 355 382 Vecti
376 350 459 382 mori
483 350 656 392 sanguine3

218 427 308 461 Almi
336 427 457 459 Christi
484 426 687 460 confessores

215 476 260 509 Et
287 475 444 508 ecclesiae
471 475 629 516 doctores,

217 525 380 557 Vitiorum
406 524 581 563 avulsores,

267 573 413 605 Virtutes
436 573 590 614 inserite,

218 650 388 691 virginum
412 653 548 690 uterque
573 659 670 683 sexus

214 700 350 733 Iunctus
374 707 436 738 per
460 699 579 731 amoris
603 707 717 740 nexus,

219 747 343 781 Christi
369 747 479 778 dulces
506 746 545 778 ob
573 747 742 786 amplexus

266 795 443 835 Sprevistis
469 794 578 826 luxum
605 794 742 838 saeculi,

823 205 881 238 7b.

821 427 882 461 8b.

825 649 884 683 9b.

908 204 968 244 Qut
992 215 1051 246 pro
1077 205 1170 238 nobis
1196 204 1373 242 dimicavit,

909 253 996 294 Agni
1023 263 1118 286 cru-or
1143 262 1200 285 vos
1226 252 1373 291 armavit,

910 302 1030 336 Vestra
1053 310 1162 342 prece,
1190 310 1270 342 quos
1295 299 1446 343 salvavit,

959 351 1054 383 luvet
1075 351 1109 382 in
1137 348 1323 382 certamine.

910 428 968 467 Qui
995 427 1107 459 fideles
1135 426 1305 460 exstitistis

910 476 948 509 111
976 475 1098 516 paucis,
1125 483 1211 507 nunc
1235 472 1429 515 possedistis

911 523 1038 566 Multa3
1065 533 1145 563 quos
1171 523 1225 554 hic
1250 522 1407 563 genuistis

961 572 1074 614 Natos,
1100 581 1166 604 non
1192 571 1342 603 deserite.

913 649 980 682 Nos
1006 648 1120 681 feratis
1147 648 1188 681 ad
1215 649 1397 680 vestrarum

912 696 1015 730 Grata
1038 695 1125 729 festa
1148 696 1346 738 nuptiarum,

913 745 959 778 Ut
982 748 1140 777 tersorem
1165 745 1371 776 lacrimarum

961 793 1074 826 Nostri
1101 796 1234 825 cernant
1260 792 1356 825 oculi.

202 881 341 917 Sequent.
361 889 415 908 ms.
436 881 665 909 Franciscanum
688 888 765 908 saec.
789 877 833 907 15.
855 879 927 907 Cod.
943 878 1152 906 Gai-olsruhan,
1168 877 1239 905 Geo.
1260 874 1288 905 3.
1309 892 1346 896 —
1368 874 1420 910 6b,
1436 873 1454 904 3

122 928 202 947 suae.
224 935 259 940 ω·-
281 919 335 954 Ta,
354 917 375 946 4
392 919 503 949 Vuew
525 922 563 947 et.

560 1031 607 1063 99.
637 1032 681 1064 De
701 1031 849 1063 Omnibus
871 1030 1006 1063 Sanctis.

222 1112 276 1145 Ad
303 1112 457 1144 honorem
481 1113 661 1156 salvatoris,

220 1162 313 1193 Intus
342 1160 449 1204 corde,
478 1169 555 1193 voce
577 1159 657 1193 foris

274 1207 429 1242 Concinat
455 1210 536 1241 haec
562 1210 677 1243 contio.

226 1285 447 1318 Admirandus
474 1289 523 1317 est
547 1287 580 1318 in
607 1286 727 1318 sanctis

226 1334 298 1366 Suis
324 1334 431 1376 Deus3
458 1334 526 1370 sed,
554 1343 624 1367 cum
651 1334 749 1366 tantis

272 1381 419 1414 Tandem
443 1382 536 1413 bonis
561 1382 668 1417 satiat*

226 1457 400 1500 Numquid,
440 1458 567 1493 Chn'ste
588 1459 653 1498 pie,
680 1459 761 1496 odis*

227 1508 311 1546 Quos
339 1506 475 1539 diversis
498 1515 621 1546 poenae
647 1508 751 1539 mvdis

274 1554 414 1595 Dignum
443 1555 532 1588 ducis
556 1554 644 1587 affici

228 1632 293 1665 Sed
318 1642 381 1665 non
407 1633 487 1672 odit,
518 1633 576 1665 sed
604 1633 762 1674 explorat,

225 1681 292 1721 Quo
319 1679 435 1713 affectu
461 1681 531 1722 quis
552 1680 682 1713 laborat

274 1729 311 1761 In
340 1729 408 1761 eius
434 1729 598 1769 obsequio.

230 1806 365 1840 Certant
379 1806 463 1838 enim
479 1809 590 1839 contra
598 1807 763 1848 mundum,

227 1854 362 1887 Hostem
373 1863 507 1895 nequam
517 1855 763 1898 etimmundum‚

277 1902 390 1935 Carnis
417 1912 543 1943 quoque
566 1903 664 1945 vitia3

230 1980 291 2013 Est
317 1983 477 2013 certamen
504 1980 656 2021 speciale,

230 2029 320 2069 Quod
348 2027 491 2069 confligit
516 2028 655 2069 capitale

275 2077 419 2117 Martyri
444 2077 657 2121 supplicium3

231 2153 278 2188 Ob
301 2162 443 2186 amorem
470 2161 546 2194 ergo
574 2153 694 2187 Christi

232 2203 368 2237 Certant
390 2200 467 2244 il[li‚
495 2198 635 2246 certant]
661 2202 727 2244 isti,

277 2251 358 2283 Tam
378 2259 484 2282 mares
502 2259 596 2290 quam
615 2249 765 2284 feminae.

230 2329 347 2362 Omnes
373 2327 442 2360 Deo
468 2330 543 2360 sunt
568 2328 679 2368 electi;

230 2377 314 2410 Velit
339 2376 426 2409 Deus
453 2376 567 2408 horum
591 2374 688 2416 flecti,

275 2424 403 2458 Meritis
430 2428 463 2457 et
487 2425 649 2466 precibus,

828 1112 886 1147 lb.

830 1286 890 1320 2b.

830 1459 893 1493 3b.

830 1634 890 1669 4b.

833 1809 891 1842 5b.

835 1982 894 2016 6b.

835 2155 894 2188 7b.

836 2329 896 2363 8b.

913 1111 1028 1145 Dulcis
1055 1111 1118 1142 erit
1143 1110 1319 1151 harmonia,

915 1159 948 1192 Si
976 1159 1174 1192 concordent
1197 1159 1262 1191 ista
1286 1158 1366 1190 tria:

964 1208 1037 1247 Cor,
1066 1216 1112 1247 os,
1139 1207 1297 1246 operatio.

919 1285 992 1322 Cur,
1015 1286 1089 1318 dum
1108 1284 1236 1325 spirant
1252 1284 1287 1316 in
1301 1284 1362 1315 hac
1376 1283 1453 1325 vita,

915 1333 978 1365 Vix
1005 1333 1180 1373 respirant,
1208 1341 1262 1364 eos
1288 1332 1336 1363 ita

962 1381 1127 1422 Flagellat
1156 1383 1189 1412 et
1213 1379 1358 1412 cruciat?

920 1458 964 1492 Et
989 1458 1119 1490 attritos
1144 1459 1177 1490 in
1203 1457 1374 1489 tormentis

919 1506 1023 1547 Saepe
1047 1506 1127 1538 sinis
1153 1508 1186 1537 et
1211 1506 1373 1537 consentis

967 1555 1067 1587 Dirae
1092 1554 1164 1587 neci
1189 1552 1318 1586 subici?

917 1633 1018 1666 Amat
1044 1634 1186 1672 cunctos,
1213 1631 1333 1672 probat
1350 1634 1457 1664 tamen

918 1681 983 1715 Per
1007 1680 1159 1713 sudorem
1186 1682 1219 1712 et
1244 1682 1420 1720 certamen,

969 1730 1095 1770 Quanta
1119 1729 1163 1761 sit
1189 1728 1329 1763 devotio.

919 1808 991 1842 Hac
1015 1807 1175 1847 imprimis
1203 1804 1406 1838 confessores

920 1856 1149 1898 Martyresque
1174 1853 1317 1887 formant
1341 1863 1449 1887 mores

971 1903 1065 1936 Virili
1089 1903 1280 1935 constantia.

924 1981 989 2013 Sed
1013 1980 1177 2013 interdum
1204 1977 1383 2012 confessori

920 2028 1014 2062 Litor
1040 2028 1132 2060 deest
1155 2028 1190 2060 in
1216 2028 1305 2061 litori

972 2076 1086 2111 Carnis
1112 2079 1229 2117 optans
1255 2077 1419 2118 gaudium.

922 2153 983 2193 Qui
1008 2155 1081 2194 plus
1106 2154 1204 2187 sudat
1225 2154 1260 2187 in
1285 2163 1399 2195 agone,

925 2203 1002 2237 Plus
1026 2202 1187 2235 mercedis
1214 2206 1247 2234 et
1273 2211 1411 2236 coronae

971 2250 1087 2283 Refert
1111 2259 1171 2291 pro
1199 2251 1385 2285 certamine.

924 2329 971 2364 Ut
997 2338 1068 2360 cum
1095 2328 1164 2361 dies
1192 2329 1253 2361 erit
1282 2329 1364 2369 dira,

921 2377 994 2410 Non
1019 2385 1077 2409 nos
1103 2386 1161 2409 sua
1186 2378 1306 2411 subdat
1329 2379 1381 2412 ira

969 2426 1098 2459 Tartari
1126 2427 1315 2467 tortoribus,
