1656 2690
674 73 843 107 —280
895 91 936 100 -ε-

138 175 200 207 3a.
226 173 320 206 Luna
345 171 457 203 matris
482 170 578 203 labiis
835 169 894 204 3b.
920 169 1012 209 Quod
1039 179 1058 202 a
1085 168 1174 201 caelo
1202 168 1298 200 datur
1324 167 1353 200 ei

228 221 372 255 Illabens
398 219 431 250 in
457 218 590 251 somniis
923 217 1021 251 Clara
1045 218 1118 250 luce
1142 216 1235 250 verbi
1258 215 1324 249 Dei

275 268 390 309 Signat
414 267 499 299 hunc
523 267 703 309 puerulum,
970 265 1140 299 illustrare
1164 264 1340 298 saeculum.

140 338 200 370 4³..
226 335 291 368 Hie
314 336 348 366 in
371 335 464 367 annis
487 334 608 367 teneris
832 334 895 369 4b.
921 334 1002 367 Post
1028 334 1197 374 dispensat
1221 333 1363 375 populis,

227 382 426 417 Informatur
449 382 554 414 literis
922 383 1077 416 Coruscat
1100 381 1266 414 miraculis

275 431 321 464 Et
345 430 504 463 talentum
528 430 686 463 creditum
972 430 1040 462 Viri
1063 430 1168 462 saneti
1193 429 1356 462 meritum.

141 502 200 533 5a.
227 498 412 539 Respondit
436 498 572 539 ancipiti
834 498 894 532 5b.
921 498 1079 538 Agnoscit
1103 506 1165 539 per
1189 497 1340 537 spiritum

227 548 278 580 De
303 546 421 579 suturis
445 547 597 587 principi,
920 545 1089 578 Venientis
1112 546 1265 578 meritum

275 594 424 627 Habetur
447 594 667 635 propheticus,
970 594 1070 627 Sacer
1095 593 1305 635 apostolicus,

141 665 200 696 6a.
229 663 287 703 Qui
314 671 442 694 manum
467 662 637 703 imponens
663 663 693 694 ei
833 662 894 697 6b.
924 662 1043 695 Sacrae
1067 662 1116 694 rei
1139 662 1228 702 pium
1255 670 1367 694 omen:

227 711 379 744 Remittit
402 711 445 743 ad
471 719 551 753 opus
577 710 640 743 Dei
921 709 1129 743 Willibrordi
1154 713 1259 743 mutat
1282 719 1399 743 nomen

275 759 476 791 Traiectensi
501 759 642 799 popu103
971 758 1146 792 Clementis
1170 758 1340 792 vocabulo.

140 828 158 860 7
172 836 201 859 a.
227 826 301 859 Hoc
325 826 377 858 vir
402 830 531 859 sanctus
558 826 718 858 animatus
834 825 892 860 7b.
919 827 1026 860 Laxat
1049 827 1121 859 rete
1144 824 1239 858 verbi
1263 825 1338 866 Dei,

229 874 339 907 Nostri
366 875 464 907 maris
490 875 608 906 lustrat
634 875 731 913 latus.
921 876 960 909 In
987 877 1153 915 capturam
1181 874 1317 906 credunt
1344 874 1373 905 ei

276 922 408 964 Spargit
435 922 521 955 vitae
546 922 678 959 semina,
969 923 1168 962 populorum
1194 922 1332 962 agmina.

141 992 201 1024 8a.
230 991 475 1031 Congregantur
498 990 533 1021 in
561 998 680 1029 sagena
834 990 894 1022 8b.
921 988 996 1022 Non
1022 993 1072 1021 est
1098 992 1206 1021 tamen
1223 991 1354 1029 ruptum
1371 992 1441 1021 rete

228 1037 341 1070 Mente
365 1039 445 1079 tota,
470 1036 537 1069 fide
561 1038 660 1077 plena
922 1036 993 1070 Nec
1017 1045 1138 1078 sagena
1162 1037 1273 1076 scissa,
1301 1045 1383 1077 quae
1409 1040 1442 1068 tc

276 1085 472 1126 Traiectum,
497 1084 674 1119 Walacria.
969 1085 1030 1117 His
1055 1085 1232 1126 coniungit,
1261 1084 1388 1117 Fresia.

141 1155 160 1187 9
173 1163 203 1186 a.
230 1151 407 1193 Refulgens
433 1153 553 1185 eximia
836 1153 899 1186 ab.
926 1152 1149 1186 Membrorum
1173 1152 1363 1193 potentiam,

230 1201 394 1234 Virtutum
419 1201 565 1241 potentia
924 1201 1029 1234 Sanae
1052 1200 1170 1234 mentis
1194 1202 1334 1242 gratiam

279 1249 404 1282 Reddit
425 1248 658 1289 impotentibus
972 1249 1041 1282 Dat
1062 1250 1186 1282 insanis
1212 1249 1369 1282 sensibus.

118 1319 161 1352 10
173 1328 201 1352 a.
228 1319 343 1350 Macro
372 1318 433 1350 viri
457 1317 580 1358 perditi
813 1317 898 1351 1012.
926 1317 1011 1350 Nam
1038 1318 1113 1350 dum
1140 1318 1238 1349 ictum
1263 1316 1385 1359 intulit,

228 1366 368 1406 Dignam
395 1368 507 1398 sancto
533 1366 632 1406 capiti
924 1366 1060 1399 Omnem
1083 1365 1173 1397 Deus
1198 1365 1331 1398 sustulit

276 1413 379 1445 Dedit
403 1413 639 1453 reverentiam;
973 1413 1130 1446 Dolorum
1155 1413 1318 1446 iniuriam.

119 1481 160 1515 11
173 1491 202 1515 a.
227 1481 311 1513 Dum
337 1490 398 1520 pro
424 1479 607 1512 sitientibus
813 1480 855 1514 11
865 1480 896 1513 b.
923 1480 969 1514 Et
991 1481 1024 1513 in
1051 1479 1151 1513 fontis
1176 1481 1329 1514 lacrimas

229 1529 306 1561 Flet
331 1531 364 1561 et,
388 1532 462 1562 orat
485 1527 653 1571 fratribus,
926 1529 1102 1562 Solvuntur
1126 1528 1317 1571 uberrimas,

277 1577 382 1610 Terra
405 1575 496 1609 flenti
523 1577 683 1615 condolet,
974 1577 1070 1611 Sitim
1097 1576 1235 1610 fratrum
1261 1578 1381 1611 abolet.

119 1646 164 1679 12
174 1656 204 1680 a.
231 1645 352 1678 Sancte
374 1647 471 1686 pater
494 1643 720 1686 willibrorde,
813 1645 899 1679 1212.
924 1645 1017 1678 Inter
1040 1645 1151 1678 hostes
1175 1646 1230 1679 via
1254 1648 1327 1678 tuta

231 1694 299 1726 Ros
325 1703 345 1726 a
369 1692 481 1726 mundi
498 1693 619 1725 munda
637 1693 745 1732 sorde,
930 1692 996 1725 Nos
1023 1693 1166 1727 deducas
1191 1694 1336 1726 resoluta

278 1739 386 1775 Aufer
411 1740 615 1780 offendicula,
977 1742 1188 1775 Peccator-um
1214 1742 1345 1777 nebula.

110 1835 128 1866 3
184 1798 277 1866 ξιξᾶ
289 1798 577 1864 ωεὶΒοεοοᾶιιοειιεε
586 1806 664 1826 saec.
674 1794 719 1825 15.
742 1797 814 1826 Cod.
822 1797 912 1826 Arch.
923 1798 952 1827 S.
963 1799 1108 1827 Iohannis
1123 1798 1323 1828 Boscodueen.
1335 1808 1359 1827 s.
1370 1808 1432 1827 n.—

134 1845 163 1872 a,
183 1855 190 1862 .
245 1845 338 1875 ignan

561 1910 630 1943 328.
659 1911 704 1942 De
724 1912 835 1943 sancto
855 1911 990 1944 Zenone.

144 1975 203 2009 ia.
228 1974 326 2007 Sidus
351 1972 456 2015 fulget
479 1973 514 2006 in
538 1973 693 2014 Veroua‚··
842 1973 901 2007 lb.
928 1973 1027 2006 Sidus
1050 1973 1140 2006 istud
1163 1978 1258 2007 nocte
1282 1974 1396 2015 claret,

232 2022 346 2055 Laude
372 2022 503 2062 dignum
528 2023 561 2054 et
586 2030 714 2063 corona,
925 2022 963 2054 In
989 2030 1051 2062 quo
1078 2021 1181 2063 fulget
1204 2026 1237 2055 et
1261 2027 1400 2064 apparet

280 2070 418 2103 Missum
445 2070 487 2103 de
510 2069 683 2111 Armenia3
977 2070 1039 2103 Dei
1063 2070 1283 2111 providentia.

146 2140 209 2172 Za.
235 2139 322 2170 Zeno
340 2140 450 2170 servat
466 2137 582 2170 stellae
597 2136 746 2178 formam,
842 2138 902 2171 2b.
929 2139 1015 2171 Vere
1033 2138 1151 2170 missus
1178 2142 1229 2171 est
1252 2149 1273 2171 a
1297 2139 1379 2180 Deo,

233 2187 342 2219 Verae
351 2185 434 2218 lucis
447 2194 585 2225 sequens
598 2194 745 2218 normam
926 2187 1019 2228 Quod
1045 2186 1211 2228 colligitur
1236 2195 1277 2219 ex
1303 2196 1354 2229 eo,

282 2234 508 2268 conculcando
533 2232 624 2267 vitia.
976 2235 1060 2267 Dum
1089 2244 1109 2268 a
1133 2235 1276 2275 puerilia

146 2305 166 2338 3
179 2314 208 2338 a.
235 2302 363 2337 Crescit
385 2302 561 2334 iuventutis
586 2300 667 2334 flore
841 2302 900 2336 3b.
928 2301 1018 2336 Odor
1041 2302 1105 2334 iste
1127 2302 1176 2335 sic
1201 2304 1348 2336 excrevit

235 2352 479 2392 Unguentorum
500 2349 534 2382 in
560 2350 661 2382 odore
927 2351 974 2383 Et
999 2351 1174 2384 crescendo
1198 2352 1247 2384 sic
1271 2353 1414 2393 replevit

285 2399 425 2433 Currens
451 2407 524 2432 cnm
547 2398 682 2432 laetitia.
977 2398 1067 2431 Loca.
1090 2399 1202 2432 mundi
1230 2402 1332 2443 varia,
