1656 2690
735 152 998 189 —251—

210 247 269 279 5a.
298 246 402 280 Orant
427 248 558 281 tandem
913 253 971 285 5b.
1001 253 1190 293 Congaudet
1216 253 1327 294 generi

349 296 423 328 dum
449 295 554 329 tribus
581 298 741 342 noctibus,
1046 302 1248 334 successibus

298 343 421 383 Quarta
448 346 544 378 datur
995 350 1104 390 Atque
1129 350 1179 382 sui
1203 349 1299 390 socri,

347 394 476 426 mundis
503 393 682 434 virginibus
1046 398 1266 430 communibus

298 440 425 473 Vacare
447 442 534 482 proli
996 445 1090 478 Grati
1117 446 1311 479 benedicunt

347 491 444 522 castis
469 490 631 523 mentibus
1048 489 1269 538 [carminibus]

393 538 447 572 Ad
473 538 604 571 laudem
631 539 771 571 Domini.
1093 541 1234 574 Caelesti
1259 543 1392 575 numini.

211 607 268 639 6a.
298 606 379 638 Vale
404 605 492 639 facto
910 609 969 642 611.
997 609 1051 642 Sic
1073 619 1213 651 namque

347 664 487 695 sponsae
512 657 727 696 praeveniunt
1043 657 1193 698 Raphael
1218 658 1268 689 his
1294 658 1445 701 imperat,

297 702 443 743 Sponsus
469 706 502 736 et
995 705 1074 737 Post
1098 706 1180 737 haec
1207 705 1292 738 celer

344 751 504 796 Raphael‚
532 753 685 792 aperiunt
1046 754 1088 786 ad
1117 755 1240 786 eaelum
1264 757 1430 797 properat,

295 799 420 832 Lumen
449 808 554 843 caeco,
997 801 1062 835 Ubi
1089 811 1229 846 manens,

347 846 425 880 felle
451 847 656 892 subveniunt,
1046 858 1086 881 ne
1110 859 1168 882 nos
1194 850 1247 882 hic
1274 850 1414 891 deserat,

400 896 488 929 Deus
511 896 675 931 laudatur.
1095 897 1303 931 Misereatur.

280 963 384 992 Horae
404 965 438 992 B.
451 963 493 992 M.
507 963 543 990 V.
566 973 624 992 sec.
647 972 732 992 usum
754 962 939 1002 Brugensem
962 973 1039 993 saec.
1064 963 1109 993 15.
1148 965 1219 994 Cod.
1239 964 1378 992 Vatican.
1402 964 1542 993 Ottobon.

200 1000 288 1030 2922.
314 1002 382 1030 add.
407 1011 483 1031 saec.
506 999 583 1031 15110.
599 1018 636 1023 —
651 1003 710 1031 Die
724 1002 859 1039 Sequenz
881 1004 921 1030 ist
938 1004 970 1030 in
984 1012 1108 1032 unserer
1122 1004 1228 1038 Quane
1246 1003 1315 1032 sehr
1331 1003 1470 1031 verderbt
1482 1003 1544 1030 und

199 1041 420 1077 verstfimmelt3
456 1042 501 1070 sie
539 1042 581 1069 ist
615 1042 669 1070 auf
701 1041 750 1069 die
783 1041 919 1079 Sequenz
953 1043 1157 1070 Nativitas
1197 1043 1338 1071 Mariae
1377 1042 1542 1078 virginis

199 1079 459 1108 zuriiekzufiihren
479 1080 541 1107 und
561 1080 644 1108 hatte
664 1081 721 1110 wie
749 1080 831 1109 diese
855 1081 1118 1117 augensoheinlieh
1142 1079 1177 1108 12
1197 1080 1432 1117 Halbstrophen.
1473 1080 1541 1108 Von

198 1118 303 1147 diesen
327 1118 469 1147 scheinen
498 1119 674 1147 anderthalb
701 1120 895 1155 ausgefallen.
939 1120 999 1148 Der
1019 1120 1139 1156 Anfang
1167 1120 1217 1148 des
1240 1119 1412 1148 entstellten
1431 1119 1540 1148 Textes

200 1157 297 1186 lautet
318 1159 351 1185 in
374 1157 425 1186 der
445 1158 500 1186 Hs.

279 1204 298 1224 a
317 1196 410 1224 Festa
430 1196 493 1225 dies
514 1196 652 1224 hortatur
673 1205 808 1233 promere
828 1197 948 1225 laudum
970 1206 1059 1226 voees
1080 1199 1252 1225 canentium
1273 1195 1368 1225 libere

280 1235 298 1263 b
320 1235 458 1271 Raphael
485 1236 584 1271 gratia
606 1236 751 1264 laetitiam
775 1237 886 1264 emittit
906 1245 973 1264 cum
993 1237 1076 1265 Deus
1098 1237 1217 1265 aethere
1233 1236 1359 1264 Tobiam
1381 1237 1543 1273 patientem

197 1275 309 1302 visitat.

276 1322 292 1341 0
313 1313 436 1341 Intrans
457 1314 558 1349 inquit
577 1314 722 1350 gaudium
746 1315 787 1342 sit
805 1315 863 1342 tibi
884 1315 1048 1351 propitium
1069 1316 1141 1342 vota
1160 1316 1240 1342 senis
1280 1316 1293 1341 t
1306 1312 1414 1342 Sarrae
1429 1314 1541 1350 pariter

200 1351 357 1380 exaudivit
377 1351 549 1381 efficaciter.

275 1390 321 1419 Im
331 1390 506 1427 Folgenden
520 1391 630 1419 weicht
643 1392 690 1419 die.
702 1392 757 1419 Hs.
773 1393 810 1420 ab
823 1401 829 1418 :
852 1390 903 1425 ab.
917 1389 928 1418 1
943 1400 986 1428 sq.
1002 1391 1134 1430 Angelus
1149 1394 1179 1419 et
1191 1400 1265 1428 puer
1277 1391 1394 1419 clamat.
1409 1406 1447 1410 —
1462 1389 1513 1424 212,
1525 1390 1542 1418 7

196 1430 317 1458 Fortem
338 1431 430 1466 piam.
445 1445 484 1450 —
505 1427 559 1464 31),
571 1429 588 1457 7
610 1431 653 1458 Et
666 1433 774 1459 servat.
788 1446 828 1450 —
847 1428 933 1464 4a‚4
954 1432 1084 1467 accipiat
1103 1439 1198 1467 gegen
1215 1431 1271 1458 den
1286 1431 1382 1458 Reim.
1402 1445 1440 1449 ——
1461 1427 1542 1464 4a‚7

197 1469 282 1497 ditat.
310 1483 348 1487 —-
375 1467 431 1503 410,
452 1467 472 1497 4
491 1468 643 1497 honestus.
675 1485 712 1489 —
732 1468 786 1504 412,
809 1468 827 1497 5
847 1470 938 1506 Regiv
958 1470 1112 1498 convivias
1134 1478 1205 1497 sane
1226 1469 1367 1497 modeste.
1390 1484 1426 1487 —
1448 1466 1502 1502 410,
1525 1467 1542 1495 7

195 1507 333 1536 Mirifiea.
365 1523 404 1527 —
433 1506 485 1542 51),
507 1505 525 1535 3
554 1510 584 1535 et
611 1510 659 1536 sui
686 1509 772 1536 sacri.
800 1523 836 1527 —
864 1506 916 1542 5b,
939 1507 957 1535 7
978 1509 1102 1537 nomini.
1130 1523 1166 1528 -
1196 1507 1248 1543 6a,
1272 1505 1286 1535 1
1310 1509 1350 1535 ist
1369 1516 1407 1535 zu
1428 1506 1472 1535 51,
1493 1516 1542 1544 ge-

196 1556 300 1584 zogen.
322 1561 359 1566 -—
382 1544 471 1581 6a‚‘1
493 1546 582 1575 Vallo
601 1547 680 1576 fac-,to
702 1555 822 1583 sponsa.
840 1563 879 1567 —-
900 1545 954 1581 612,
979 1546 997 1575 7
1017 1549 1177 1576 Mereatur.

527 1651 592 1684 290.
623 1651 660 1683 In
682 1650 984 1683 Commemoratione
1004 1651 1034 1683 S.
1054 1650 1207 1683 Remaeli.

205 1726 264 1759 1a.
292 1723 423 1765 Expers
447 1723 533 1757 labis
558 1725 715 1756 mentium
910 1723 970 1758 lb.
997 1723 1082 1756 Nam
1111 1723 1371 1755 commemoratio

296 1771 353 1805 Fit
379 1775 489 1805 coetus
515 1773 702 1805 vacantium
997 1772 1035 1804 In
1062 1771 1124 1804 hoc
1150 1772 1230 1804 cluit
1255 1772 1344 1812 orgio

343 1821 547 1855 Carminibus
573 1821 707 1865 melicis,
1047 1820 1195 1854 Remacli
1220 1819 1395 1862 pontificis.

205 1893 263 1925 2a.
289 1890 422 1923 Allatas
449 1890 655 1931 praesentiae
910 1888 968 1922 2b.
996 1888 1168 1930 Sopiturus
1194 1887 1370 1921 schismata

293 1940 355 1980 Qui
381 1940 484 1981 regali
509 1938 631 1980 Legiae
999 1938 1251 1978 Tranquillitate
1276 1939 1348 1970 rata

342 1988 514 2021 Miraculis
542 1988 670 2029 claruit,
1045 1988 1164 2021 Pacem
1191 1987 1244 2019 hie
1271 1986 1420 2021 obtinuit.

201 2059 262 2092 32.
290 2056 393 2090 Offert
417 2066 453 2090 se
477 2058 535 2090 lux
560 2056 690 2090 obviam
909 2055 969 2090 3b.
996 2055 1070 2088 Uno
1096 2064 1223 2087 sursum
1252 2054 1364 2087 cubitu

293 2105 479 2147 Clientiqne
505 2105 618 2138 tibiam
994 2103 1141 2137 Effertur
1168 2113 1240 2136 oum
1265 2104 1406 2145 strepitu

340 2155 513 2188 Resolidat
539 2157 691 2196 strenu03
1044 2153 1082 2186 In
1108 2153 1242 2186 aethera
1270 2152 1385 2188 denuo.

196 2226 257 2258 4a.
283 2223 430 2258 Auditur
457 2223 663 2256 clandestina
907 2220 967 2254 4b.
994 2221 1076 2254 Eius
1102 2221 1215 2253 volans
1243 2220 1284 2254 de
1311 2230 1409 2262 capsa

287 2272 362 2306 Una
386 2281 499 2305 serens
524 2270 649 2304 famina
994 2270 1057 2303 Est
1083 2270 1232 2303 columba
1259 2270 1371 2310 elapsa

337 2322 418 2356 Cum
444 2320 621 2355 Lamberto
647 2322 809 2363 martyre3
1044 2318 1124 2353 Visa
1148 2322 1289 2352 maestos
1315 2319 1428 2353 lenire.

199 2393 217 2424 5
231 2400 260 2426 a.
289 2390 528 2431 Campanarum
556 2390 701 2423 concitus
907 2387 968 2422 5b.
997 2388 1071 2421 Non
1096 2384 1297 2433 possum[us]
1326 2387 1455 2430 singula

289 2440 436 2474 Auditur
462 2439 618 2473 divinitus
996 2437 1104 2478 Ipsius
1128 2436 1288 2471 miracula

338 2487 443 2521 Sonus
467 2488 676 2522 mirabiliter.
1041 2487 1243 2520 Peroensere
1266 2485 1423 2521 breviter.
