1656 2690
205 243 268 275 4a.

206 648 267 679 5a.

206 906 266 941 6a.

207 1119 266 1152 7a.

205 1234 264 1267 Sa.

205 1350 263 1382 9a.

181 1512 225 1545 10
236 1521 266 1545 a.

183 1628 225 1660 11
239 1637 268 1662 a.

180 1841 224 1873 12
236 1849 264 1872 a.

182 2053 264 2086 13a.

713 145 950 180 „88-

295 241 395 274 Nulla
412 242 515 274 virtus
527 244 586 282 est,
600 251 682 282 quae
694 244 807 283 posset

341 290 405 323 Cor
429 293 519 322 tuum
543 291 787 334 transcendere,

290 339 392 370 Immo
420 341 551 370 cunctas
578 338 641 370 sibi
669 341 779 370 nosset

344 386 489 418 Virtutes
515 386 692 427 attrahere,

291 434 413 473 Quibus
436 433 507 466 Deo
533 435 685 474 placuisti

339 482 385 514 Et
412 482 518 514 choris
547 482 752 521 caelestibus,

289 530 410 571 Quibus
436 530 556 563 mundo
581 529 735 571 profuisti

339 579 499 619 Perplexo
524 579 735 613 maeroribus

295 646 426 679 Summa
450 647 553 680 virtus
578 649 611 679 te
637 647 792 679 virtutum

339 695 378 727 In
403 695 500 727 terris
528 695 704 738 constituit,

293 743 368 775 Tibi
393 743 484 785 iungi

291 790 337 823 Et
361 794 394 823 te
420 790 507 832 fungi

341 839 400 872 Cui
426 848 549 872 summe
573 839 715 884 placuit3

292 907 426 939 Iunctus
452 906 557 939 factor
580 910 630 939 est
647 906 804 949 facturae,

339 955 472 988 Iunctus
498 955 588 988 Deus
614 956 746 999 homini,

292 1003 505 1035 Venerandus
531 1004 618 1035 omni
642 1004 713 1036 iure

339 1051 472 1083 lunctus
498 1054 596 1091 partu
620 1052 750 1092 virgini.

294 1118 383 1150 Deus
409 1119 568 1151 hominem
598 1119 721 1151 creavit

341 1167 395 1198 Ad
422 1176 512 1199 suam
538 1167 723 1207 imaginem,

291 1234 342 1266 Tu
367 1242 400 1266 es
425 1235 579 1276 paradiso

338 1284 429 1314 tanto
456 1283 594 1323 dignior,

292 1350 317 1382 O
344 1359 440 1389 quam
465 1350 604 1390 pulchra
628 1352 664 1382 tu
688 1348 789 1394 fuisti,

293 1397 373 1430 Cum
388 1398 431 1429 sit
444 1396 549 1429 factus
564 1398 672 1430 vultus
687 1398 809 1430 Christi

343 1445 418 1477 Tibi
443 1446 541 1478 matri
565 1446 691 1487 similis,

293 1511 328 1544 Si
353 1514 387 1544 te
410 1512 499 1544 Deus
525 1522 589 1545 non
612 1513 750 1545 vidisset

340 1561 530 1594 Oreaturam
556 1562 720 1605 optimam,

294 1627 397 1669 Ergo,
423 1629 524 1670 virgo,
543 1629 681 1669 pulchra
700 1625 807 1673 [tota],

339 1676 407 1709 Nos
431 1677 511 1709 viles
537 1687 601 1709 non
628 1678 769 1719 despice,

293 1725 358 1757 Sed
384 1735 403 1757 a
427 1726 540 1766 quavis
566 1727 684 1758 mentis
706 1729 784 1758 nota

339 1773 406 1805 Nos
432 1774 582 1806 mundari
606 1773 738 1815 perfice.

293 1840 388 1880 Solis,
416 1841 513 1873 lunae
538 1842 590 1873 vel
616 1842 781 1874 stellarum

342 1889 505 1929 Splendor
521 1899 636 1931 parum
654 1891 807 1932 cernitur,

293 1937 368 1970 Sive
393 1938 497 1969 virtus
522 1938 738 1979 planetarum,

341 1986 441 2018 Plene
468 1987 544 2018 dum
567 1986 758 2027 attenditur,

294 2052 526 2093 Crystallinum
551 2054 603 2086 vel
629 2054 793 2086 stellatum

342 2101 475 2134 Caelum
498 2102 551 2134 vel
578 2110 764 2142 empyreum

291 2149 366 2181 Non
393 2151 443 2181 est
459 2149 528 2181 Deo
546 2150 649 2190 magis
667 2153 805 2192 gratum,

339 2198 440 2237 Quam
464 2197 547 2229 illud
573 2198 750 2238 hospitium

292 2245 425 2278 Ventris
453 2246 545 2287 casti,
573 2255 635 2287 quo
662 2247 775 2278 celasti

339 2294 448 2327 Iesum
472 2293 534 2326 Dei
559 2293 680 2334 filium;

292 2344 388 2376 Hunc
411 2343 443 2374 in
465 2344 569 2374 morte
594 2343 685 2384 virgo
710 2343 766 2384 pia

338 2391 441 2424 Nobis
466 2389 520 2423 fac
544 2391 732 2432 propitium.

901 241 960 275 4b.

902 647 963 680 5b.

901 907 961 941 6b.

901 1119 960 1151 7b.

903 1234 962 1267 8b.

902 1350 962 1385 9b.

878 1514 960 1547 101).

876 1630 960 1664 11b.

877 1842 959 1877 12b.

874 2055 958 2089 1310.

988 241 1078 274 Sicut
1103 243 1226 275 cunctis
1253 251 1286 274 es
1311 240 1446 274 facturis

1037 291 1127 324 Vere
1153 291 1340 330 virtuosior,

991 338 1045 371 Sic
1071 343 1103 371 et
1129 339 1253 371 cunctis
1280 338 1438 370 creaturis

1036 387 1180 419 Factura
1205 386 1390 426 venustior3

987 434 1080 468 Evae
1105 436 1230 475 prolem
1259 435 1460 475 denigratam

1040 484 1172 516 Peccati
1197 482 1333 524 fuligine

991 531 1080 564 Caeli
1105 532 1175 571 regi
1201 531 1314 563 reddis
1341 533 1466 571 gratam

1037 580 1107 612 Tua
1132 579 1391 621 pulchritudine.

990 647 1088 681 Unde
1112 648 1216 680 virtus
1245 648 1286 680 de
1311 649 1460 689 supernis

1036 696 1084 728 Te
1108 696 1262 728 virtutem
1289 697 1382 737 adiit,

989 744 1036 777 Ut
1059 744 1237 777 humanum

987 790 1097 824 Genus
1123 802 1236 825 sanum

1035 841 1158 883 Fieret,
1185 841 1272 882 quod
1298 842 1406 882 periit.

989 908 1104 940 Iuncta
1128 909 1231 941 virtus
1257 912 1307 941 est
1332 910 1456 950 virtuti,

1037 956 1145 989 Decor
1169 958 1417 1001 pulchritudini,

988 1005 1105 1037 Iuncta
1130 1006 1218 1037 salus
1245 1008 1294 1037 est
1318 1006 1417 1038 saluti

1035 1052 1081 1084 Et
1107 1053 1222 1085 dulcor
1247 1054 1424 1088 dulcedini.

986 1119 1042 1152 Ad
1067 1120 1157 1152 cuius
1183 1121 1217 1152 in
1243 1124 1277 1152 te
1303 1119 1458 1154 formavit

1038 1168 1080 1200 Se
1105 1169 1362 1202 similitudinem.

991 1235 1117 1274 Quanto
1142 1238 1216 1269 tuus
1242 1235 1367 1269 fructus

1038 1286 1088 1316 est
1110 1284 1231 1317 utilior.

990 1350 1049 1383 Cui
1073 1354 1109 1383 tu
1135 1360 1168 1383 es
1193 1353 1371 1397 voluntate,

990 1398 1145 1440 Caritate,
1172 1401 1305 1440 pietate.

1036 1447 1140 1480 Facta
1165 1457 1229 1480 non
1256 1449 1434 1483 dissimilis.

989 1515 1027 1547 In
1052 1518 1190 1547 matrem
1206 1526 1279 1549 'non
1305 1517 1458 1558 elegisset

1036 1564 1084 1595 Te
1107 1564 1171 1596 sibi
1198 1565 1407 1601 carissimam,

988 1631 1066 1672 Fac,
1093 1635 1129 1663 ut
1153 1635 1210 1665 tuo
1235 1633 1423 1673 placeamus

1035 1680 1240 1713 Praedilecto
1265 1681 1334 1715 filio

985 1727 1031 1760 Et
1054 1727 1167 1761 felices
1191 1733 1394 1763 transeamus

1035 1777 1066 1809 A
1091 1778 1205 1810 mortis
1231 1779 1355 1812 exsilio.

987 1843 1113 1883 Quanta.
1128 1845 1245 1885 dignae
1255 1846 1379 1879 Christi
1392 1848 1506 1880 matris

1035 1893 1154 1933 Fulget
1180 1893 1378 1935 virtuositas,

989 1940 1090 1980 Quam
1102 1950 1182 1981 prae
1192 1942 1316 1974 cunctis
1325 1943 1388 1976 Dei
1400 1944 1506 1985 patris

1036 1989 1221 2021 'illustravit
1244 1990 1386 2025 claritas

985 2055 1072 2088 Laus
1099 2059 1231 2089 aeterno
1254 2058 1404 2099 genitori,

1035 2104 1122 2137 Laus
1149 2108 1281 2138 aeterno
1307 2105 1386 2148 filio,

989 2151 1108 2185 Nostro
1133 2155 1189 2194 pio
1214 2155 1415 2195 redemptori

1036 2200 1086 2233 Sit
1111 2204 1144 2233 et
1169 2204 1345 2243 veneratio,

989 2248 1227 2282 Charismatum
1252 2250 1393 2284 infusori

1033 2297 1163 2330 Mariae
1188 2299 1320 2339 solacio,

980 2342 1083 2377 Matri
1108 2346 1181 2389 Dei,
1207 2351 1339 2380 nostrae
1364 2351 1446 2391 spei,

1036 2395 1160 2435 Perpes
1185 2397 1387 2431 iucundatio.

248 2449 370 2486 Antiph.
391 2457 446 2476 ms.
467 2449 617 2486 Brigittin.
640 2457 717 2477 saec.
732 2447 776 2477 16.
797 2448 1029 2486 (Privatbesitz.)
1050 2471 1086 2474 --
1106 2450 1158 2487 4a,
1179 2450 1197 2481 3
1217 2453 1281 2482 Imo
1303 2458 1426 2485 cunctas
1446 2458 1504 2486 tibi

170 2490 260 2518 nosti.
283 2504 300 2508 —
318 2504 320 2508 ν
341 2487 395 2523 41),
420 2486 434 2515 1
455 2488 497 2516 Et
517 2489 632 2515 cunctis
652 2496 683 2516 es
706 2488 839 2516 facturis.
862 2505 900 2509 —
923 2488 974 2526 6a,
996 2488 1016 2518 4
1034 2490 1153 2520 Part-us.
