1656 2690
147 221 212 255 Ga.

680 125 941 160 -263—

238 221 391 254 Laudent
415 223 561 254 sanctam
588 222 745 256 lulianam

237 270 455 302 Taurinenses
480 270 701 312 christianam,

288 317 385 351 Cuius
413 319 512 351 ductu
538 317 688 352 fruimur.

849 223 910 259 cb.

217 382 301 412 Offie.
322 393 376 412 ms.
398 383 570 412 Clusiensia
589 392 668 412 saec.
696 383 741 412 15.
785 383 856 412 Cod.
879 385 1042 413 Taurinen.
1061 385 1082 412 J
1098 384 1115 413 Ι
1132 382 1162 413 3.
1182 384 1218 412 A.

937 223 961 258 O
989 224 1160 264 praeclara
1183 222 1419 263 Thebaeorum,

938 272 1056 305 Preces
1082 271 1183 304 funde
1207 271 1241 303 in
1266 271 1415 312 polorum

987 322 1074 353 Arce
1099 319 1204 353 saneti
1229 319 1373 360 spiritus

1266 400 1280 405 -
1310 386 1358 414 De
1378 385 1478 419 Levis,

138 421 294 450 Aneedota
314 431 402 451 sacra
414 432 442 458 p.
455 419 513 450 217
527 432 571 459 sq.
592 421 640 459 (ex
660 424 762 451 codice
775 423 995 452 Nonantulensi
1015 431 1093 451 saec.
1110 422 1154 451 11.
1176 421 1273 460 [sic!])
1286 424 1318 451 B.
1340 438 1379 443 ——
1399 422 1447 457 la,
1460 421 1478 450 2

138 460 204 489 Deo
232 462 306 489 satis
335 463 388 496 qui
409 462 441 489 B.
472 476 507 480 —
536 460 590 498 Za,
614 461 629 489 1
650 463 824 490 vulneratus
845 463 879 490 Β.
906 478 944 482 -
972 459 1025 496 22„
1046 459 1064 489 2
1085 462 1238 490 decolatus
1259 462 1292 490 B.
1321 478 1358 483 —-
1385 461 1439 496 2a,
1460 460 1478 489 3

138 498 319 528 Trucidatur
343 501 420 528 alter
440 502 472 529 B.
496 515 531 519 —
554 498 608 535 212,
627 498 641 529 1
663 501 706 529 Et
725 501 758 528 in
777 502 816 536 A3
844 501 939 529 Istum
961 501 993 529 Β.
1031 514 1050 516 -
1074 499 1127 534 21),
1148 499 1167 529 3
1188 502 1338 538 perimunt
1359 501 1419 529 AB.
1441 515 1479 520 ——

139 535 191 572 3a,
213 536 231 565 2
258 537 447 574 proficientes
476 539 511 567 B.
542 554 580 559 -—
612 537 666 574 3b,
687 537 705 568 3
732 540 929 576 Accingemus
958 539 992 567 B.
1022 553 1057 558 ⁶—
1088 538 1141 573 4a,
1162 538 1180 567 2
1206 539 1354 576 benignus
1379 540 1413 567 B.
1440 554 1479 558 —

140 574 192 611 51),
217 576 231 606 1
252 576 408 606 Exaudiat
428 579 461 607 B.
482 593 521 597 —
541 577 592 614 6a,
616 577 630 607 1
652 578 792 607 Laudant
811 578 844 606 B.

153 742 214 777 la.

150 907 212 941 2a.

152 1072 211 1105 3a.

150 1236 211 1270 4a.

152 1402 212 1435 5a.

152 1567 213 1600 6a.

576 672 646 704 303.
676 672 721 704 De
741 672 852 704 sancto
873 671 1045 713 Stephano.

240 743 348 775 Adest
374 742 499 775 eunctis
523 742 643 775 festum
663 743 783 784 duplex

237 790 330 830 Eius,
359 790 415 831 qui
439 789 559 823 adorat
583 791 724 832 supplex

287 839 352 871 Pro
379 846 415 871 se
441 838 677 879 lapidantibus,

239 906 305 938 Hic
331 907 499 947 exemplar
526 906 590 939 fuit
613 915 739 939 morum

237 954 285 988 Et
308 956 398 997 pugil
426 956 657 997 apostolorum,

289 1003 470 1037 Viduarum
497 1003 620 1047 regula,

239 1070 305 1104 Hic
331 1070 473 1104 convicit
497 1070 712 1114 disputantes,

240 1118 417 1160 Superavit
439 1118 626 1159 lapidantes

286 1167 409 1200 Mentis
435 1167 604 1211 patientia,

239 1235 344 1269 Flexo
369 1244 453 1276 genu
479 1235 641 1278 adoravit,

238 1283 322 1317 Inde
347 1283 484 1317 Paulum
509 1284 699 1325 impetravit

287 1333 352 1365 Pro
379 1332 514 1365 doctore
539 1333 701 1377 gentium3

241 1399 386 1433 Luciano
414 1400 657 1433 demonstratur

241 1448 350 1489 Ipsum
379 1458 507 1492 corpus,
541 1451 784 1490 transportatur

287 1497 382 1530 Motu
407 1497 608 1538 honorabili;

242 1564 408 1607 Stephane
433 1567 466 1597 et
491 1574 509 1597 0
536 1564 703 1605 Laurenti,

242 1613 432 1646 Procuretis
459 1614 675 1654 congaudenti

243 1661 391 1695 Graecae
416 1664 450 1693 et
475 1662 641 1695 Romanae
666 1662 765 1703 genti,

243 1710 338 1744 Omni
365 1711 462 1742 etiam
488 1711 612 1743 viventi

291 1758 439 1793 Unitatis
465 1759 644 1800 vinculum3

221 1817 311 1845 Grau.
342 1825 396 1845 ms.
426 1817 590 1846 Parmense
616 1825 693 1845 saec.
720 1815 794 1846 ¹¹¹)15.
838 1816 908 1846 Cod.
935 1817 1034 1853 Capit.
1062 1816 1189 1844 Parmen
1218 1824 1242 1843 s.
1268 1824 1296 1843 n.

853 742 912 776 1b.

852 905 912 939 2b.

853 1070 913 1105 3b.

850 1234 911 1269 4b.

852 1400 911 1433 5b.

853 1565 912 1599 6b.

939 742 1012 775 Hac
1038 742 1091 774 die
1117 741 1179 774 fuit
1204 742 1382 775 translatus

941 791 1125 830 Stephanus
1149 790 1204 823 vel
1227 789 1392 831 lapidatus

988 837 1090 872 Duris
1118 846 1188 870 cum
1214 837 1390 878 lapidibus.

938 905 1072 939 Martha
1097 914 1224 946 quoque
1251 908 1284 938 et
1308 905 1415 938 Maria

941 954 1034 996 Cibo,
1063 953 1173 997 verbo,
1199 953 1336 994 Rachel,
1364 953 1434 994 Lia,

991 1002 1174 1037 cervicosis
1201 1000 1317 1034 ferula.

940 1069 1054 1102 Testes
1081 1069 1182 1102 falsos
1210 1067 1401 1111 confutavit,

940 1119 1048 1151 Iesum
1074 1120 1213 1151 stantem
1242 1117 1442 1150 collaudavit

989 1167 1029 1200 In
1055 1170 1194 1207 paterna
1219 1166 1333 1208 gloria.

939 1234 993 1267 Sic
1018 1235 1049 1267 in
1077 1243 1157 1275 pace
1182 1233 1390 1274 obdormivit,

942 1283 1041 1317 (iuius
1066 1291 1184 1324 corpus
1210 1282 1364 1323 sepelivit

988 1332 1173 1365 Conventus
1198 1329 1355 1363 fidelium.

937 1399 989 1432 De
1014 1398 1092 1431 Sion
1118 1401 1233 1431 sancta
1257 1399 1394 1437 levatur,

941 1447 1055 1480 Proles
1081 1446 1167 1489 regis
1193 1446 1355 1479 liberatur

987 1497 1019 1528 A
1045 1496 1145 1528 caede
1172 1495 1335 1529 horribili.

940 1566 1084 1605 Quorum
1108 1564 1255 1597 membra
1278 1566 1354 1596 sunt
1379 1564 1482 1606 unita,

944 1614 1171 1653 Protomartyr
1197 1615 1230 1645 et
1254 1612 1382 1653 Levita,

942 1661 1038 1696 Urna
1059 1671 1126 1694 una
1149 1661 1244 1694 nobis
1269 1660 1344 1702 sita,

942 1710 1027 1743 Esse
1054 1709 1130 1743 date
1154 1719 1213 1742 nos
1240 1718 1312 1741 cum
1337 1710 1405 1742 vita

991 1759 1155 1801 Receptos
1181 1758 1223 1791 ad
1251 1758 1406 1791 osculum.

1395 1813 1447 1849 5a,
1469 1815 1487 1842 3

143 1856 253 1885 Morta.
275 1872 313 1877 -—
339 1856 424 1884 Nach
447 1854 498 1892 6a,
513 1853 531 1884 3
552 1865 596 1894 sq.
618 1856 776 1885 vielleicht
795 1865 849 1885 aus
872 1856 924 1884 der
942 1856 1009 1884 Zeit
1029 1856 1080 1884 des
1101 1855 1292 1884 Florentiner
1311 1854 1447 1882 Konzilr.

153 2144 216 2176 2a.

152 2311 215 2344 32.

527 1951 599 1984 304.
629 1951 665 1984 111
686 1951 874 1984 Inventione
894 1959 918 1983 s.
940 1949 1103 1992 Stephani.

584 2025 615 2058 1.
643 2024 808 2067 Splendor
833 2027 1031 2064 sanctorum,

641 2074 747 2115 patris
772 2073 878 2118 unice,

242 2142 305 2184 Qui
330 2142 395 2174 tuis
419 2141 454 2173 in
480 2141 603 2174 sanctis

242 2190 404 2224 mirabilis

241 2241 312 2274 iure
340 2240 496 2275 crederis,

242 2309 439 2352 Stephanus,
467 2308 679 2349 Nicodamus,

242 2357 403 2391 Gamaliel

241 2410 339 2447 atque
360 2407 498 2451 Abibas,

241 2454 328 2488 filius
354 2457 434 2490 eius.

858 2141 919 2175 2b.
945 2140 997 2174 De
1022 2139 1139 2182 quihus
1164 2142 1241 2173 sunt
1265 2139 1322 2173 isti

945 2189 1084 2231 vestigia

944 2242 1001 2271 tua
1025 2238 1147 2273 secuti:

855 2308 916 2342 3b.
942 2308 1092 2348 Corpora
1116 2316 1251 2349 quorum
1279 2310 1394 2340 sancta

942 2356 1137 2398 presbytero

945 2407 1022 2438 sunt
1042 2405 1188 2438 Luciano

944 2455 993 2487 sio
1017 2454 1182 2488 revelata:
