1656 2690
711 162 973 198 -134—

614 256 674 288 147.
709 256 750 287 De
770 257 880 288 saneto
901 256 1071 289 Bernardo.

194 340 252 372 la.
281 338 413 371 Sacrum
441 336 558 370 festum
585 337 794 377 celebremus,
877 338 935 372 1b.
949 338 1019 378 Qui,
1048 339 1123 371 dum
1150 341 1262 371 ventre
1284 336 1482 378 gestabatur,

279 386 395 427 Corde,
424 395 503 418 voce
530 387 735 419 decantemus
949 387 985 419 In
1012 386 1116 428 figura
1139 386 1383 419 monstrabatur

327 436 391 468 Pro
416 434 579 467 Bernardi
605 435 727 475 gloria;
999 435 1104 468 Catuli
1131 444 1189 475 per
1215 434 1353 468 somnia.

191 514 251 546 2a.
276 511 399 544 Doctor
423 521 557 552 magnus
580 514 655 552 post
678 510 816 554 futurus,
879 511 987 545 2b.1n
1013 514 1119 544 aetate
1145 511 1279 544 iuvenili

278 559 405 601 Lingua
428 564 552 593 mentes
579 565 758 601 curaturuS,
949 559 1054 592 Corde
1078 568 1237 601 peragens
1263 559 1359 592 senili

329 608 477 641 Clamans
504 611 617 641 contra
641 608 730 641 vitia.
1023 608 1161 649 Respuit
1186 608 1340 642 carnalia.

194 688 253 720 3a.
278 684 870 728 Mentefervens‚mumma-pemeus,
885 685 943 719 3b.
956 685 1053 718 Velut
1077 685 1174 717 stella
1199 685 1356 717 matutina

281 734 334 766 Sic
357 734 400 767 ad
416 734 524 775 iugum
544 734 664 767 Christi
681 743 819 774 pergens
951 734 1026 766 Vita
1051 734 1177 774 pollens
1205 736 1238 765 et
1260 734 1408 765 doctrina

330 783 444 816 Secum
472 782 565 814 duxit
590 782 681 815 alios.
998 782 1123 815 Mundo
1150 782 1271 822 sparsit
1297 781 1417 814 radios

194 863 250 893 4a.
278 860 369 892 Mitis
395 858 458 891 fuit
484 859 715 900 conversando,
877 859 937 892 4b.
948 859 1060 891 Mente
1085 859 1209 891 caelum
1233 857 1440 902 ascendebat,

279 908 305 941 Ο
338 916 432 948 quam
459 907 560 939 dulcis
586 907 816 950 praedicando,
950 907 1144 948 Peregrinus
1171 907 1245 939 dum
1272 906 1424 938 manebat

326 955 449 988 Favum
475 955 601 987 stillans
625 955 731 989 labiis.
997 955 1028 987 A
1054 956 1202 997 supernis
1227 954 1365 995 gaudiis.

194 1036 253 1067 5a.
280 1033 414 1065 Fratres
448 1040 563 1072 regens
585 1031 686 1064 abbas
712 1040 817 1073 verus,
879 1031 937 1066 5b.
951 1031 1015 1063 Vas
1049 1030 1215 1071 refertum,
1241 1040 1298 1063 vas
1327 1031 1489 1073 decorum,

281 1080 398 1113 Libros
426 1079 550 1112 dictans
572 1080 684 1111 doctor
700 1089 818 1119 merus,
952 1079 1039 1111 Fons
1049 1078 1327 1119 redundans‚fons
1336 1079 1514 1122 dulcorum,

329 1129 440 1168 Agnus
465 1128 677 1160 innocentiae.
999 1127 1117 1159 Litium
1143 1128 1333 1161 munditiae.

194 1209 254 1241 6a.
283 1205 427 1239 Caritate
450 1205 648 1248 vulneratus,
880 1204 1110 1238 6b.Castitate
1137 1205 1318 1245 decoratus,

282 1253 390 1286 Verbo
417 1253 504 1285 vitae
529 1253 730 1294 sublimatuS‚
952 1252 1059 1284 Sacris
1086 1253 1228 1285 moribus
1254 1256 1396 1296 ornatus,

330 1302 463 1343 Rectus,
499 1302 648 1342 simplex,
678 1301 818 1334 humilis,
998 1300 1105 1332 Fulsit
1129 1301 1161 1332 in
1187 1301 1363 1333 miraculis.

197 1381 256 1414 7a.
281 1379 377 1412 Alter
401 1378 455 1410 hic
478 1378 631 1410 Israelita
881 1378 899 1409 7
908 1376 939 1409 b.
950 1376 1046 1408 Nunc
1070 1377 1103 1409 in
1130 1378 1227 1410 caelis
1254 1386 1325 1409 cum
1353 1377 1475 1409 honore

283 1427 359 1459 Sine
387 1427 460 1459 dolo
488 1426 584 1458 ducta
609 1426 676 1458 vita
956 1425 1076 1466 Regem
1101 1426 1191 1458 videt
1215 1426 1247 1457 in
1276 1427 1392 1459 decore

333 1474 421 1508 Obiit
444 1473 592 1506 feliciter
1003 1473 1167 1506 Christum
1193 1483 1285 1506 suum
1309 1474 1438 1514 iugiter.

266 1551 386 1579 Collect.
413 1559 465 1578 ms.
495 1549 547 1579 SS.
574 1549 755 1586 Angelorum
775 1549 938 1577 Florentia.
969 1557 1046 1576 saec.
1073 1547 1116 1577 15.
1161 1550 1231 1578 Cod.
1261 1550 1402 1578 Laurent.
1426 1550 1518 1578 Conv.

188 1599 242 1627 sup
245 1588 339 1618 ..466
366 1604 404 1608 -
425 1587 476 1625 5a,
497 1587 515 1616 2
537 1597 633 1617 verus.
654 1602 692 1606 —
714 1585 757 1615 62.
776 1597 803 1615 u.
826 1585 869 1615 6b
891 1588 996 1640 zeigen
1017 1588 1175 1626 Ankliinge
1196 1597 1235 1616 an
1254 1589 1312 1616 den
1332 1588 1433 1626 Ιιὲιιῇς
1453 1597 1519 1616 vor-

187 1628 384 1657 kommenden
407 1628 523 1664 Tropus
554 1627 704 1665 ,fCaiitate
729 1624 932 1654 vulneratus“.
966 1642 1003 1646 —-
1036 1627 1094 1655 Die
1113 1627 1304 1656 Ubersehrift
1331 1629 1364 1655 in
1391 1627 1442 1655 der
1463 1627 1518 1655 Hs.

186 1668 295 1696 lautet:
337 1667 519 1705 „Sequentia
539 1667 571 1694 in
592 1666 736 1694 honorem
764 1674 787 1693 s.
809 1664 982 1694 Bernardif‘

527 1798 590 1831 148.
621 1798 665 1830 De
686 1798 794 1830 sancto
815 1797 977 1830 Bernardo
998 1798 1175 1830 Parmensi.

759 1871 791 1903 1.
817 1870 947 1903 Laudes

196 1941 255 1972 2a.
283 1938 401 1971 Sancto
426 1938 595 1971 Bernardo
894 1937 953 1971 2b.
980 1938 1032 1971 De
1055 1938 1132 1970 talis
1155 1939 1221 1970 nati

287 1991 382 2020 canat
407 1987 546 2019 ecclesia
571 1988 686 2029 mater,
980 1985 1130 2026 profectu
1154 1987 1321 2027 gratulans
1347 1995 1486 2028 semper.

204 2056 263 2088 3a.
289 2054 353 2087 Hic
377 2055 467 2086 velut
491 2054 580 2086 sidus
895 2054 954 2087 3b.
981 2055 1071 2087 lnter
1097 2053 1259 2087 fraternas

290 2102 451 2144 eximium,
984 2103 1139 2143 caligines

288 2150 358 2182 Deo
385 2146 633 2195 [praeelectum]
982 2151 1119 2184 rutilans
1149 2152 1275 2186 emicat.

200 2220 262 2252 4a.
289 2218 354 2250 Hic
379 2218 450 2250 Iesu
477 2218 599 2251 Christi
894 2218 954 2252 4b.
980 2219 1046 2252 Hic
1071 2219 1138 2251 eius
1164 2220 1318 2252 membris

288 2267 471 2307 praeceptis
983 2267 1133 2300 subvenit

289 2315 399 2356 paruit
422 2319 602 2357 promptus.
982 2315 1121 2348 minimis
1145 2317 1265 2358 largus,

206 2386 268 2418 5a.
295 2383 382 2416 Hinc
406 2392 483 2416 suae
507 2381 674 2424 perfectae
898 2383 957 2417 5b.
984 2382 1119 2416 Debiles
1146 2385 1290 2418 curando

292 2432 379 2466 vitae
404 2441 439 2464 se
465 2434 581 2464 testem
986 2435 1083 2473 atque
1108 2433 1228 2466 tuendo

292 2481 432 2522 exhibet,
987 2481 1161 2521 supplices
