1656 2690
696 148 961 185 —135—

170 244 230 278 6a.
257 243 354 276 Hunc
378 244 443 276 iam
471 245 614 277 coetibus

255 291 460 325 coniunctum
485 297 671 327 sanctorum

255 340 363 372 cuncti
390 350 572 383 precemur,

869 247 928 281 6b.
956 248 1004 282 Ut
1027 256 1086 280 nos
1112 245 1244 288 fragiles

955 304 1083 337 semper
1109 296 1260 328 conciliet

956 344 1094 377 Domino
1119 344 1201 385 Deo2

491 421 521 453 7.
553 421 615 461 Qui
637 425 753 462 regnat
777 431 838 463 per
862 423 992 455 saecula
1016 425 1142 456 cuncta.

234 494 323 523 Grad.
345 504 400 525 ms.
420 497 580 525 Parmense
601 504 679 526 saec.
701 495 775 527 ¹⁴l15.
812 498 881 527 Cod.
906 499 1002 535 Capit.
1023 499 1159 527 Pal-meu.
1181 507 1203 527 s.
1225 507 1254 526 n.

155 533 238 561 fehlt.
260 548 298 553 -
319 531 372 569 5a,
395 533 410 562 1
432 535 530 564 Hunc.

167 709 227 744 la.

166 885 226 918 2a.

167 1059 227 1092 3a.

166 1234 229 1267 4a.

166 1584 225 1617 6a.

166 1759 225 1792 7a.

166 1936 225 1969 8a.

165 2113 227 2147 92.

150 2334 188 2365 96

1281 512 1312 516 --
1335 495 1390 532 210,
1414 495 1493 525 lDe

505 628 568 661 149.
600 630 643 662 De
663 632 772 663 sancto
792 631 954 664 Bernardo
977 630 1150 664 Parmensi.

256 710 394 742 Sanctus
418 710 568 751 pontifex
594 712 793 753 Bernmdus,

257 758 363 791 claris
377 761 481 802 natus,
498 758 648 800 fragrans
662 760 794 802 nardus,

304 806 401 839 Ortus
428 807 468 839 de
493 807 671 849 Florentia,

253 883 432 917 Monachili
458 886 548 918 veste
571 886 648 927 lata,

253 932 407 965 Nondum
432 935 520 974 nota,
544 934 672 968 demum
691 937 796 975 grata,

304 980 405 1014 Plena
429 982 654 1024 sanctimonia,

255 1060 300 1091 At
325 1058 498 1092 intendens
524 1059 662 1093 bonitati

258 1107 375 1140 Servos
404 1108 504 1141 donat
528 1108 674 1141 libertati

305 1155 443 1188 Pietatis
469 1156 585 1198 gratia.

260 1234 375 1266 Pastor
401 1234 503 1267 honus
529 1237 596 1267 stat
611 1235 654 1268 ad
674 1237 795 1275 postes,

255 1281 380 1322 Lupum
415 1286 515 1322 arcet,
544 1281 633 1324 fugat
661 1284 779 1326 hostes,

305 1330 454 1372 Protegit
478 1331 587 1366 ovilia.

218 1436 224 1442 .
255 1409 432 1441 Haeresum
460 1410 702 1450 perversitateS,

254 1458 481 1499 Tyrannorum
507 1460 716 1498 tempestates

304 1505 403 1538 Pellit
427 1507 468 1539 ab
496 1507 643 1540 ecclesia.

252 1583 508 1617 Adversantium
533 1585 709 1618 multorum

254 1633 291 1665 In
319 1632 441 1665 virtute
465 1633 652 1666 meritorum

305 1680 411 1722 Saepe
435 1682 554 1714 stravit
579 1683 679 1716 milia.

256 1759 334 1792 Cum
361 1760 403 1792 ad
430 1759 553 1793 Padum
580 1764 711 1794 sanctus
736 1761 798 1794 ivit

251 1808 479 1852 Inundantem‚
508 1810 663 1849 repetivit

305 1855 443 1889 Flumen
468 1858 540 1890 loca
564 1860 708 1900 propria.

256 1935 459 1981 Carceratos,
489 1939 665 1970 catenatos.

252 1984 354 2017 Dirae
379 1986 477 2018 morti
503 1986 733 2020 condemnatos

303 2032 408 2067 Solvit
433 2035 473 2067 ab
500 2035 658 2076 angustia.

252 2112 344 2145 Mole
371 2113 478 2146 carnis
505 2112 672 2147 absolutus

253 2160 366 2194 Prima
391 2162 476 2195 stola
501 2165 551 2195 est
574 2163 718 2203 indutus,

302 2210 424 2243 Iubilat
451 2211 485 2244 in
511 2211 625 2252 gloria.

865 712 922 746 lb.

865 886 922 920 2b.

866 1060 923 1094 3b.

864 1234 925 1268 4b.

863 1409 921 1444 5b.

862 1584 921 1618 6b.

866 1760 924 1794 7b.

864 2113 924 2149 9b.

950 713 1143 754 soporatum
1170 721 1263 753 quem
1288 714 1426 750 meavit,

950 761 1039 794 Miro
1065 761 1161 793 modo
1189 760 1331 793 visitavit

1000 808 1129 842 Domini
1157 808 1339 842 clementia.

950 887 1154 919 Adulescens
1177 887 1212 918 111
1238 888 1355 926 aetate,

951 935 1082 968 Morum
1107 937 1216 976 gratus
1243 936 1409 967 honestate

999 983 1117 1016 Mundi
1142 984 1268 1023 sprevit
1292 983 1409 1017 omnia.

950 1060 1157 1102 Regulariter
1183 1059 1322 1103 vivebat,

952 1108 1133 1142 Sanctitate
1158 1107 1343 1150 reflorebat‚

1001 1156 1136 1190 Scandit
1160 1158 1201 1190 ad
1229 1156 1390 1190 sublimia.

952 1235 1037 1268 Fide
1063 1235 1185 1268 Christi
1210 1234 1365 1268 loricatus

951 1283 1101 1316 Summae
1126 1284 1213 1316 sedis
1238 1282 1276 1317 fit
1300 1284 1425 1324 legatus

1000 1332 1055 1365 Ad
1079 1332 1235 1372 pellenda
1256 1332 1344 1365 vitia.

949 1411 1013 1443 Per
1039 1418 1134 1451 quem
1159 1410 1290 1442 trinitas
1317 1410 1413 1443 beata

948 1458 1011 1491 Est
1035 1460 1186 1499 patenter
1215 1462 1350 1499 operata

998 1506 1104 1539 Multa
1128 1506 1302 1540 mirabilia.

949 1585 1035 1618 Rota
1058 1584 1136 1617 solis
1167 1585 1243 1617 olim
1269 1584 1359 1618 lenta

949 1633 992 1666 Et
1018 1634 1073 1666 hic
1097 1633 1205 1666 anima
1230 1636 1358 1667 retenta

997 1684 1113 1724 Aequa
1137 1686 1212 1714 sunt
1236 1682 1397 1725 prodigia.

952 1760 1079 1801 Aegros
1104 1759 1215 1800 plures
1242 1762 1274 1792 et
1298 1759 1442 1794 infirmos

953 1808 1018 1841 Sua
1042 1816 1140 1849 prece
1165 1808 1277 1841 reddit
1301 1807 1422 1853 firmos,

999 1856 1109 1891 Eiecit
1133 1856 1313 1891 daemonia.

953 1935 1052 1969 Suum
1079 1935 1199 1968 exitum
1225 1935 1393 1976 praedixit

950 1984 995 2017 Et
1018 1983 1150 2018 indiciis
1176 1982 1331 2025 praefixit

1000 2033 1234 2074 Temporisque
1259 2033 1376 2073 spatia.

951 2111 1089 2146 Praesul
1113 2111 1168 2144 hic
1193 2114 1227 2144 et
1251 2112 1429 2146 cardinalis

952 2161 1020 2194 Nos
1047 2163 1175 2202 ereptos
1203 2161 1327 2194 cunctis
1353 2163 1447 2195 malis

999 2210 1107 2243 Ducat
1131 2210 1174 2243 ad
1198 2210 1361 2246 caelestia.

230 2296 395 2327 Collectan.
421 2309 476 2328 ms.
499 2298 691 2328 Constantini
711 2298 849 2329 Caietani
870 2307 948 2328 saec.
971 2296 1017 2327 17.
1057 2297 1130 2327 Cocl.
1150 2299 1277 2327 Roman.
1298 2297 1494 2327 Alexandrin.

207 2335 266 2373 (Π).
289 2337 323 2366 Α.
350 2352 386 2357 —
414 2339 564 2368 Chronica
583 2339 760 2368 Parmensia
786 2340 857 2376 imp.
885 2338 1012 2367 Parmae
1034 2334 1118 2367 1858.
1145 2347 1173 2374 p.
1195 2336 1262 2366 544.

1304 2338 1368 2373 „Ex
1389 2338 1493 2366 codice

150 2375 382 2406 Laurentian0.“
405 2379 439 2407 Β.
461 2392 501 2398 -
524 2375 575 2413 Ia,
591 2376 609 2406 2
629 2379 760 2416 flagrans
775 2379 807 2407 B.
829 2393 868 2398 —-
888 2375 941 2412 2a,
954 2375 970 2406 1
991 2378 1053 2406 lato
1069 2376 1103 2404 A.
1126 2391 1160 2395 —
1183 2375 1234 2412 2a,
1250 2374 1268 2405 2
1288 2379 1359 2405 noto
1375 2377 1493 2405 demum

150 2417 236 2483 {rato
258 2416 293 2443 A.
315 2432 353 2437 —
374 2415 427 2454 2a,
450 2416 468 2447 3
490 2417 585 2446 Pleno
606 2418 641 2446 A.
663 2432 701 2438 -—-
722 2415 776 2453 2b,
799 2416 814 2446 1
836 2419 897 2446 iam
917 2418 1016 2446 aetate
1035 2417 1069 2444 B.
1091 2432 1129 2436 —
1151 2414 1202 2451 21),
1225 2414 1243 2445 3
1264 2417 1380 2452 spernit
1399 2417 1431 2445 Β.
1454 2429 1492 2433 -

175 2462 202 2490 ει,
226 2452 240 2482 1
269 2455 311 2483 Et
334 2456 369 2484 B.
399 2473 440 2478 —-
469 2456 523 2489 410,
544 2454 563 2486 3
588 2456 760 2495 pellendum
786 2456 821 2485 A.
848 2472 887 2479 —-
912 2455 967 2491 6b,
991 2454 1005 2484 1
1032 2455 1114 2484 lento
1135 2455 1171 2484 A.
1199 2471 1237 2478 -‹
1264 2453 1315 2491 6b,
1345 2453 1363 2482 2
1389 2456 1491 2483 animo

150 2496 266 2523 retento
286 2494 323 2523 A.
343 2510 380 2515 —
401 2495 453 2532 7a,
474 2495 493 2525 2
512 2496 666 2526 Inundant
686 2496 721 2524 A.
