1656 2690
688 125 953 161 *253-

155 219 213 254 aa.
241 220 306 253 Hic
332 222 374 255 de
398 222 551 256 Mathera
859 226 918 260 31).
944 226 1012 259 Ubi
1037 228 1222 259 sanctorum

242 270 286 302 ad
311 270 509 304 Muninelles
945 273 1134 308 fraternitas

242 318 329 351 rexit
351 319 499 362 vestigia,
946 326 994 356 est
1020 323 1172 359 adunata.

157 397 215 430 4a.
243 396 349 430 Huius
375 398 589 432 sanctissimis
856 400 918 434 4b.
946 400 991 434 Ut
1016 404 1129 434 nostra.
1156 400 1266 434 debita

243 445 408 487 precibus,
946 458 1006 491 per
1033 458 1104 482 eum

244 493 385 534 Christe,
413 504 470 528 nos
496 496 583 537 iuva,
944 496 1026 531 fiant
1052 498 1195 531 dimissa.

160 572 214 606 52.
243 572 269 605 O
296 576 409 606 sancte
859 575 917 609 5¹0.
944 576 1088 609 Aeterna

243 620 370 664 Rufine,
945 633 1003 656 nos
1027 626 1132 656 tecum

247 673 355 703 castra
382 669 560 703 defendens
587 674 643 703 tua
945 671 998 704 fac
1023 673 1165 713 gaudere
1191 670 1252 717 (in)
1279 672 1396 712 patria.

156 748 215 780 6a.
244 727 342 781 Num}
366 757 481 788 pacem
506 756 567 789 per
591 751 624 780 te
861 749 920 783 6b.
949 748 1016 788 Quo
1044 746 1131 792 (nos)
1158 749 1334 782 liberemur

246 796 379 828 valeant
402 796 525 829 habere
947 807 966 830 a
990 797 1064 838 iugo
1088 797 1199 837 iniquo

246 845 395 886 tempora
418 846 541 886 nostra,
949 849 1003 877 tua
1029 844 1145 886 gratia.

616 924 649 956 7.
663 919 858 968 Mantuam]
884 923 939 966 pie
964 923 1119 963 guberna.

225 999 318 1035 Trop.
343 1007 397 1027 ms.
419 998 451 1027 S.
474 998 628 1027 Benedicti
646 1000 808 1027 Mantuani
835 1007 912 1028 saec.
943 997 987 1028 11.
1031 998 1102 1027 Cod.
1124 999 1220 1036 Capit.
1242 999 1389 1027 Veronen.
1411 997 1493 1027 CVII

146 1035 234 1073 (100).
256 1051 293 1055 —
314 1037 446 1066 Melodie
469 1037 616 1066 offenbar:
639 1037 755 1066 Stans
777 1046 795 1065 a
817 1039 935 1076 longe.

570 1151 639 1184 293.
669 1152 714 1184 De
735 1153 850 1184 sancta
871 1152 1079 1185 Scholastica.

617 1233 649 1267 1.
664 1234 772 1277 Alma,
801 1235 918 1275 contio,
948 1242 1108 1274 concrepa

666 1282 870 1327 symphonia,

669 1331 723 1364 die
748 1332 811 1364 hac
835 1331 973 1371 pulchra

669 1380 853 1412 castissima

663 1431 771 1460 mente
795 1427 908 1469 iubila,

156 1509 218 1540 2a.
245 1506 355 1539 Hodie
380 1506 467 1547 quod
492 1515 587 1538 sacra
865 1507 925 1539 2b.
952 1506 1076 1539 Terrca
1101 1514 1258 1546 respuens

245 1554 447 1589 Scholastica
948 1558 985 1588 ut
1009 1558 1155 1588 stercora

246 1604 368 1636 caelica
951 1608 983 1636 et
1009 1604 1094 1636 bona

246 1652 377 1685 scandit
400 1651 589 1684 habitacula
949 1652 1088 1685 tendens
1113 1652 1156 1685 ad
1183 1652 1337 1684 caelestia

245 1700 377 1735 Domini
402 1700 584 1743 clementia,
950 1702 1067 1733 mentis
1092 1701 1289 1735 innocentia,

155 1782 215 1815 3a.
242 1780 331 1813 Luce
357 1780 391 1812 in
415 1779 477 1811 hae
863 1779 923 1813 3b.
951 1778 1030 1811 Alta
1054 1786 1212 1819 quaerens

245 1826 546 1871 quamdiu-fuerat,
952 1829 1039 1861 vitae
1064 1827 1210 1860 subsidia

244 1878 385 1919 pulchre
410 1877 501 1909 illam
528 1876 668 1909 ornabat
951 1884 1074 1909 summe
1100 1875 1224 1915 expetit
1251 1884 1326 1908 cara

243 1926 368 1962 Christi
392 1926 508 1970 gratia.
950 1924 1064 1958 fratris
1090 1925 1209 1957 oscula.

154 2009 213 2040 4a.
240 2006 534 2046 sermocinansque
560 2012 639 2036 vera
862 2004 924 2037 410.
952 2004 1013 2045 Tu,
1041 2003 1085 2035 mi
1110 2003 1250 2043 benigne
1274 2000 1388 2046 frater,

244 2064 314 2088 cum
342 2054 456 2087 eodem
485 2052 633 2085 doctrina
949 2061 990 2084 ne
1015 2060 1151 2094 spernas
1177 2060 1292 2092 preces
1318 2059 1414 2095 meas,

245 2103 327 2137 talia
352 2101 454 2135 infert
480 2102 598 2134 verba:
952 2101 1112 2141 deprecor
1137 2103 1244 2132 mente
1270 2109 1367 2141 pura,

154 2185 211 2217 5a.
239 2183 279 2216 In
305 2183 377 2223 lege
402 2180 542 2221 mystica
863 2179 923 2212 5b.
950 2180 1033 2213 Tum
1058 2178 1115 2212 ille
1141 2178 1328 2221 respondit:

244 2232 413 2273 epulemur
951 2228 1060 2272 Soror,
1086 2237 1151 2260 non
1179 2228 1219 2260 do

241 2289 302 2323 per
326 2279 486 2313 convivia.
950 2277 1021 2318 hoc,
1050 2277 1137 2319 quod
1163 2276 1325 2310 obsecras,

157 2360 215 2394 ca.
243 2359 350 2399 Caput
373 2367 450 2391 mox
474 2359 566 2400 virgo
862 2355 924 2389 6b.
950 2355 1104 2396 Illudque
1132 2355 1173 2386 de
1199 2363 1310 2387 mensa

246 2408 389 2441 declinat
413 2408 559 2449 rogando
950 2404 1040 2436 levat
1066 2404 1159 2444 copia
1186 2413 1255 2436 cum

242 2457 417 2492 Dominum
950 2452 1113 2486 imbrium.
