1656 2690
701 158 743 163 —«
798 138 963 175 185-

174 233 233 268 7a.
262 234 323 274 Qui
349 234 433 268 stilis
459 235 606 269 membra
874 237 932 273 7b.
959 238 1007 270 Te
1030 234 1146 283 [nunc]
1174 245 1376 278 quaesumuS,

262 282 442 325 perforant,
468 284 589 317 tabulis
961 286 1098 327 benigne
1122 288 1259 328 martyr,
1284 288 1321 318 ut

261 340 400 372 namque
425 337 523 373 caput
547 333 716 367 collidunt.
960 343 1074 375 preces
1099 343 1206 367 sumas
1234 334 1372 374 denique

261 379 356 412 Mille
381 378 488 413 fossus
515 380 620 423 plagis
961 383 1096 424 Horum,
1127 383 1181 424 qui
1205 383 1324 424 iugiter

260 427 309 460 sic
333 427 462 461 felicem
489 429 617 462 vehitur
961 433 1018 463 tua
1042 431 1182 463 credunt,
1205 440 1241 463 se
1265 440 1362 471 posse

261 477 305 509 ad
330 476 445 510 aedem
472 477 541 519 poli
567 487 735 512 summam.
960 487 1059 519 prece
1083 484 1197 513 sancta
1219 479 1341 512 salvari

679 547 711 580 8.
738 546 836 586 Apud
861 547 976 579 Deum.

245 620 335 649 Grad.
358 624 389 649 et
406 622 532 657 Tropar.
553 631 606 650 ms.
629 621 658 650 S.
679 623 837 650 Laurentii
857 624 890 650 in
910 623 1028 650 Verane
1048 624 1084 658 (2³)
1104 631 1180 650 saec.
1205 621 1248 650 11.
1285 622 1355 651 Cod.
1376 622 1502 651 Roman.

165 658 303 695 Angelic.
326 657 383 688 123
402 658 437 695 (B
457 661 504 689 ΙΙΙ
526 659 582 696 18).
610 676 648 680 —-
674 659 700 695 1,
723 658 741 689 3
763 660 893 697 perfusu.
922 676 958 680 -—
980 659 1029 695 ea,
1052 659 1070 687 2
1087 662 1265 697 praefuerat.
1287 674 1324 680 —·
1346 659 1396 695 61),
1421 660 1435 689 1
1458 669 1502 708 sq.

165 697 355 726 Puniendum
379 698 484 727 doctus
506 701 559 728 est.
581 714 616 720 -ν
642 698 692 733 73,
708 698 726 727 5
747 700 788 726 sit
807 699 923 727 felicem
937 700 1062 736 vegitur.
1084 713 1123 719 ——-
1143 699 1194 733 751,
1211 698 1227 727 6
1248 700 1335 735 polis.
1356 713 1395 719 -ι
1416 698 1469 733 71),
1484 698 1502 728 ὀ

165 744 267 772 preces
289 745 382 765 suma.
405 751 442 756 —-
465 735 516 771 71),
539 735 556 765 6
577 737 704 766 salvare.

588 849 658 882 209.
690 849 734 882 De
756 850 865 882 sancto
888 849 1074 889 Hyacinthe.

174 931 193 966 1
207 942 236 965 a.
263 932 380 965 Funde
406 933 447 965 de
472 932 679 975 caelestibus,
874 932 934 967 ib.
963 932 1042 965 Cum
1068 935 1101 965 he
1124 933 1250 974 magnis
1276 932 1409 965 vocibus

263 981 459 1021 Hiaoynthe‚
486 981 618 1015 sedibus
961 982 1153 1015 Invocamus
1178 981 1340 1024 precibus,

313 1029 407 1071 Quid,
434 1039 495 1070 quo
520 1029 636 1071 fulges,
663 1029 804 1070 luminis,
1010 1029 1123 1063 Nostri
1149 1029 1305 1070 splendor
1330 1029 1466 1062 ordinis.

175 1107 237 1140 aa.
265 1106 314 1139 Tu
341 1107 535 1148 contemptis
561 1107 678 1148 opibus
875 1106 933 1140 2b.
961 1106 1010 1140 Tu
1037 1115 1186 1139 coruscas
1212 1106 1332 1138 lumine

264 1154 311 1187 Et
333 1153 430 1188 fluxis
455 1155 632 1189 honoribus
959 1154 1006 1188 Et
1029 1156 1126 1189 beato
1150 1154 1283 1188 fiamine

311 1203 425 1236 Petisti
453 1204 615 1238 caelestia.
1009 1202 1161 1236 Adflatus
1187 1212 1247 1243 per
1271 1203 1421 1245 patriam.

174 1282 237 1315 321.
268 1280 373 1313 Verbo
400 1280 498 1313 fidem
523 1281 733 1325 praedicasti,
874 1279 934 1314 3b.
964 1280 1088 1317 Caecis„
1107 1280 1244 1321 claudis,
1264 1280 1384 1321 surdis,
1403 1280 1500 1313 mutis

262 1329 391 1371 Magnis
419 1329 519 1371 signis
546 1330 732 1372 coruscasti,
962 1328 1102 1361 &anitati
1129 1328 1288 1361 restitutis

311 1377 358 1411 Ut
380 1378 489 1410 lumen
514 1378 681 1419 ecclesiae,
1010 1378 1130 1418 Magno
1158 1378 1242 1410 dono
1269 1377 1402 1417 gratiae.

175 1456 233 1489 4a.
262 1455 347 1487 Dum
373 1455 493 1496 sagitta
518 1454 634 1488 fluvius
873 1454 932 1489 4b.
961 1457 1071 1489 Strata
1097 1457 1187 1488 veste
1210 1455 1339 1494 saepius

260 1503 428 1536 Effluebat
451 1504 542 1536 ocius
961 1503 1036 1536 Tibi
1062 1502 1126 1536 fuit
1148 1507 1292 1544 pervius,

310 1552 424 1584 Ventis
450 1555 484 1585 et
507 1552 614 1594 aeriis,
1011 1553 1143 1585 Pervius
1170 1554 1204 1584 et
1228 1552 1312 1586 aliis.

173 1633 233 1664 5a.
259 1631 396 1665 Fratres
423 1631 528 1663 Deum
555 1631 778 1664 collaudantes
876 1629 935 1664 5b.
963 1629 1034 1663 Tua
1057 1638 1155 1670 prece
1178 1629 1319 1671 plurima

262 1679 310 1711 Te
335 1682 520 1723 sequuntur,
549 1679 747 1712 admirantes
963 1678 1167 1719 Remigravit
1191 1678 1299 1710 anima

308 1728 482 1768 impressis
507 1728 665 1769 vestigiis.
711 1724 726 1738 '⁶
762 1757 777 1772 ᾗ
850 1757 858 1771 ÷
1013 1727 1044 1760 E
1070 1735 1202 1759 carcere
1225 1726 1342 1767 stygio.

172 1798 232 1830 6a.
259 1796 308 1829 Te
330 1795 424 1837 virgo
445 1796 651 1829 sanctissima
759 1825 774 1841 x·
806 1792 822 1806 ⁹⁶
847 1796 931 1839 fib.
959 1795 1059 1828 Sacro
1087 1794 1141 1827 die
1165 1795 1396 1834 assumptionis

260 1844 389 1878 Monuit
413 1844 599 1885 gratissima
707 1860 723 1868 ι
900 1867 909 1876 .
957 1843 1049 1877 Binis
1075 1843 1206 1876 scandis
1233 1851 1304 1875 cum
1332 1841 1459 1875 coronis

307 1894 391 1927 Esse
418 1896 493 1927 vota
517 1893 596 1928 filio.
1012 1891 1166 1925 Doctoris
1192 1894 1225 1923 et
1249 1890 1393 1932 virginis.

170 1973 229 2005 7a.
258 1972 284 2007 Ο
310 1975 406 2014 pater
431 1972 645 2013 sanctissime,
876 1971 933 2005 7b.
961 1970 1020 2011 Tu,
1050 1970 1165 2004 doctor
1191 1969 1389 2010 doctissime,

260 2021 286 2055 Ο
314 2021 405 2062 virgo
430 2021 614 2063 purissime,
960 2019 1020 2062 Tu,
1049 2019 1118 2052 Deo
1145 2018 1322 2057 carissime,

306 2070 385 2103 Tuis
411 2071 493 2103 assis
519 2069 607 2105 filiis.
1008 2068 1102 2101 Assis
1129 2067 1163 2100 in
1187 2067 1359 2109 angustiis„

553 2149 585 2182 8.
610 2148 691 2182 Tuis
714 2148 840 2182 meritis
864 2150 958 2180 tuere

610 2197 744 2239 Nosque
769 2206 867 2239 posce
893 2196 1097 2238 congaudere

660 2245 875 2288 Sempiternis
898 2245 1035 2287 gaudiis.

238 2314 361 2351 Antiph.
393 2323 446 2342 ms.
475 2314 505 2343 S.
527 2314 715 2343 Katharinae
741 2313 960 2341 Divodurensis
988 2321 1066 2342 saec.
1090 2311 1133 2341 14.
1177 2313 1248 2341 Cod.
1270 2312 1408 2341 Vatican.
1431 2319 1454 2338 s.
1475 2320 1504 2339 n.

159 2352 209 2386 (01.
234 2351 290 2382 122
311 2351 378 2388 bis.)
399 2353 465 2381 add.
487 2362 565 2382 saec.
587 2351 664 2383 ¹⁵l16.
685 2354 721 2382 A.
742 2367 782 2372 —·
800 2353 886 2381 Miss.
906 2351 1153 2381 praedicatorum
1173 2361 1246 2388 imp.
1266 2352 1403 2380 Venetiis
1419 2348 1505 2379 1600.

162 2392 195 2420 Β.
217 2407 256 2412 --
274 2392 360 2421 Miss.
381 2392 627 2422 Praedicatorum
645 2393 717 2430 imp.
737 2393 851 2421 Romae
875 2387 958 2420 1639.
975 2391 1005 2420 C.
1029 2406 1064 2410 —
1090 2389 1140 2425 11),
1158 2389 1172 2418 1
1188 2392 1268 2420 Dum
1283 2391 1342 2419 BG.
1363 2406 1402 2410 -
1423 2388 1474 2423 21),
1489 2387 1504 2416 1

160 2440 303 2460 coruscus
324 2431 382 2460 BC.
404 2446 442 2451 -—
463 2430 521 2464 3b,'
538 2430 555 2459 2
579 2432 741 2460 sanitatem
761 2432 795 2459 A.
817 2444 857 2450 —-
876 2429 928 2463 4a,
950 2427 968 2458 3
991 2432 1021 2457 eb
1040 2430 1211 2459 turbinibus
1234 2430 1266 2458 O.
1289 2444 1324 2448 —
1347 2427 1399 2464 512,
1421 2426 1439 2457 2
1459 2438 1504 2457 re-

161 2471 290 2507 migavit
310 2470 344 2498 A.
368 2485 407 2490 —-
429 2468 483 2506 61),
506 2469 523 2498 2
543 2471 618 2500 Pius
639 2470 759 2499 scandis
780 2471 815 2498 A.
837 2484 875 2489 -
897 2468 949 2503 7a,
972 2467 990 2497 2
1010 2469 1188 2503 purrissima
1206 2470 1242 2498 A.
