1656 2690
691 128 955 164 —273—

169 231 229 261 5a.
257 228 473 268 Malignorum
498 226 617 261 fraude
640 235 754 268 pressa
862 224 921 258 5b.
951 223 1002 257 Ac]
1029 223 1097 257 alta
1121 224 1284 256 caelorum
1309 220 1415 255 fertur

257 277 325 309 Iam
352 274 515 314 conqueri,
543 274 631 315 Sion,
659 283 759 314 cessa,
949 272 1091 314 Martyr,
1118 274 1215 305 aucta
1239 281 1315 304 mna
1339 268 1492 312 refertur,

302 321 471 355 Libertate
497 321 638 356 reddita.
999 321 1084 354 Olim
1111 330 1205 354 servo
1233 320 1368 354 credita.

165 389 223 422 62.
250 388 368 432 N0[vis
391 387 510 431 ful]get
527 389 667 422 Thomas
691 389 792 430 miris,
863 389 922 423 6b.
949 389 1046 423 Hunc
1062 398 1121 422 nos
1139 389 1241 430 sequi,
1268 389 1368 432 Deua
1398 388 1493 430 dona,

255 437 501 471 Consummatus
526 438 641 478 poeuis
669 437 750 471 diris
951 438 1037 471 Bina
1060 437 1162 471 beans
1187 447 1260 470 cum
1285 446 1407 472 corona

302 487 459 520 Lassatus
483 486 612 519 iniuria.
1002 488 1039 520 In
1066 487 1201 519 caelesti
1227 487 1327 523 curia,

235 542 378 581 Sequent.
402 553 455 573 ms.
477 544 691 582 Aquilegiense
711 553 788 573 saec.
808 542 884 574 ΜΙιε.
927 544 998 574 cod.
1020 544 1131 574 Semin.
1152 544 1298 573 Goritien.
1319 543 1347 573 J.

616 639 676 672 317.
706 639 751 671 De
772 641 884 673 saneta
905 639 1033 672 Ursula.

166 710 185 743 1
199 720 229 745 a.
256 710 311 744 Ad
338 720 473 752 agonem
498 711 740 754 triumphalem,
867 712 930 747 lb.
955 712 1051 746 Mens
1077 714 1227 752 assurgat
1250 710 1457 752 torpidorum

257 759 378 793 Christi
401 761 514 793 mortis
537 760 694 794 imitalem
959 760 1193 801 contemplari,
1220 767 1433 800 supernorum

305 808 371 842 Sed
397 811 431 841 et
453 809 643 851 patientiae,
1005 810 1096 850 Quae
1120 810 1185 842 sint
1212 808 1408 850 opulentiae.

169 877 227 909 2a.
257 876 343 916 Quas
369 878 519 918 supernis
545 878 621 912 dum
640 887 680 912 ex
698 878 799 919 signis
869 878 929 913 ab.
956 877 1080 911 Domus
1106 877 1169 910 Dei
1194 879 1284 910 taeta
1310 876 1379 908 zelo

258 924 380 958 Ursula
405 925 497 967 libat,
523 926 661 968 insignis
960 926 1184 960 Pronubarum
1210 926 1314 967 gignit
1341 925 1429 957 caelo

305 972 415 1006 Mauri
441 975 527 1016 regis
552 974 632 1016 filia,
1007 975 1085 1008 Plus
1111 983 1207 1015 quam
1234 974 1346 1007 decem
1372 972 1474 1006 milia.

174 1042 234 1074 3a.
262 1039 388 1080 Sponso
415 1040 506 1082 virgo
530 1039 728 1085 foederatur,
872 1042 932 1076 ab.
959 1041 1104 1083 Sponsus
1125 1050 1264 1082 sponsae
1277 1040 1385 1073 verbis
1402 1041 1500 1081 cedit,

260 1088 362 1129 Virgo
389 1098 543 1130 sponsum
569 1088 759 1123 exhortatur
961 1090 1031 1123 Rex
1045 1092 1078 1122 et
1089 1099 1224 1131 regnum
1239 1089 1369 1122 Christo
1384 1089 1500 1130 credit,

306 1137 362 1169 Ad
389 1138 470 1170 caeli
497 1138 656 1172 convivia.
1010 1138 1108 1172 Casta
1134 1141 1209 1170 sunt
1236 1137 1382 1170 conubia.

171 1205 233 1238 4a.
261 1204 350 1243 Quae
376 1209 426 1238 est
450 1205 513 1238 ista
539 1206 697 1251 speciosa,
872 1207 932 1242 4b.
960 1206 1052 1240 Haec
1077 1210 1153 1239 sunt
1178 1209 1285 1239 castra
1312 1205 1381 1239 veri
1405 1205 1479 1246 Dei,

258 1253 357 1286 Cuius
384 1255 464 1287 nutu
488 1257 556 1286 stat
584 1255 724 1289 Pinnosa
959 1255 1007 1289 Hi
1031 1256 1171 1288 victores
1197 1254 1411 1288 Macchabaei

312 1302 391 1337 Cum
417 1303 555 1335 undenis
581 1302 738 1336 milibus?
1008 1304 1137 1337 Turmis
1163 1303 1275 1336 stratis
1301 1303 1484 1336 hostilibus,

171 1372 231 1404 5a.
260 1369 345 1402 Hinc
369 1370 485 1414 gaude,
514 1370 700 1415 Germania,
876 1371 935 1407 5b.
962 1371 1042 1406 Cum
1069 1372 1192 1404 invicta
1216 1372 1250 1403 in
1277 1370 1399 1403 invicto

259 1417 390 1451 Laudes
418 1419 470 1459 da,
500 1419 645 1461 Colonia,
960 1419 1074 1454 Nescit
1098 1420 1228 1453 thorum
1253 1419 1286 1451 in
1316 1419 1435 1452 delicto

309 1467 469 1500 Victimae
493 1468 652 1509 paschali,
1007 1469 1102 1501 More
1127 1467 1289 1509 virginali.

174 1536 236 1569 ea.
262 1535 341 1568 Sion
366 1539 492 1579 sancta,
517 1535 708 1577 iucundam,
872 1536 931 1571 eb.
958 1536 1033 1570 Non
1064 1536 1244 1570 vindictam
1270 1537 1330 1569 sed
1355 1534 1502 1575 tutelam,

259 1584 297 1616 In
323 1587 356 1617 te
383 1585 503 1618 clamat
526 1585 586 1617 sub
613 1585 718 1618 altare
961 1585 1076 1626 Neque
1096 1595 1235 1626 poenam
1254 1585 1312 1618 sed
1329 1585 1502 1626 medelam,

309 1632 447 1674 Sanguis
475 1632 567 1666 fusus
587 1633 750 1675 virginum
1011 1634 1131 1667 Sordes
1156 1634 1270 1667 lavans
1297 1634 1478 1666 eriminum.

171 1702 231 1735 7a.
260 1701 335 1734 Iesu
361 1700 455 1744 bone,
484 1711 542 1734 nos
570 1702 710 1735 emunda
876 1702 935 1737 7b.
964 1701 1132 1735 Collocare
1157 1711 1216 1735 nos
1243 1701 1387 1743 dignare,

260 1749 306 1782 Et
331 1759 351 1783 a
375 1753 481 1783 morte
506 1759 564 1783 nos
590 1750 735 1784 secunda
964 1750 1007 1785 Ut
1033 1751 1194 1791 possimus
1218 1754 1253 1783 te
1278 1750 1414 1783 laudare

309 1798 469 1832 Liberans
495 1799 529 1831 in
555 1799 675 1840 gaudio
1014 1799 1092 1832 Cum
1118 1800 1255 1839 perenni
1281 1799 1405 1832 bravio.

241 1855 330 1884 Grad.
358 1865 413 1884 ms.
434 1856 533 1884 Vallis
561 1855 591 1884 S.
618 1856 806 1885 Katharinae
827 1856 1048 1885 Divodurensis
1077 1864 1154 1884 saec.
1188 1854 1232 1885 14.
1274 1855 1344 1884 Ccd.
1365 1856 1503 1884 Vatican.

160 1903 183 1922 s.
206 1904 235 1923 n.
256 1893 306 1930 (ol.
324 1892 390 1930 120)
410 1894 477 1923 add.
499 1903 576 1924 saec.
596 1894 640 1924 14.
661 1910 699 1914 —
721 1893 776 1930 512,
790 1893 805 1924 1
827 1897 873 1924 Tu
887 1896 1011 1925 invicta.
1031 1911 1071 1915 —
1091 1894 1144 1930 7a,
1159 1893 1173 1924 1
1190 1896 1278 1924 bono.
1300 1911 1338 1915 —
1358 1895 1502 1923 Melodie·

160 1933 203 1962 In
224 1934 395 1963 caelesti
415 1935 656 1969 hierarchia,
677 1935 734 1963 mit
751 1935 897 1972 Kiirzung
918 1935 970 1963 der
991 1934 1218 1972 Strophenzahl.

623 2028 685 2061 318.
716 2028 761 2061 De
782 2030 896 2062 sancta
918 2029 1042 2062 Ursula.

171 2102 187 2134 1
203 2111 233 2137 a.
259 2101 430 2144 Virginum
457 2101 613 2135 victorias
876 2101 938 2136 lb.
963 2103 1126 2135 Aeternas
1154 2101 1297 2146 delicias,

307 2152 455 2185 Iucunde
482 2160 634 2183 canamus
1011 2150 1078 2184 Ubi
1102 2153 1188 2192 sunt,
1215 2160 1408 2193 quaeramus

257 2199 301 2232 Et
328 2209 388 2241 pro
415 2200 496 2241 ipsis
524 2200 647 2240 gratias
963 2200 1013 2232 Ac
1038 2201 1151 2234 mundi
1177 2199 1356 2234 blanditias

308 2249 439 2283 Christo
467 2247 659 2283 referamus
1011 2249 1150 2283 Prorsus
1178 2253 1429 2283 contemnamus

169 2319 232 2353 2a.
261 2317 422 2351 Undecim
449 2321 524 2351 sunt
549 2319 640 2351 milia
876 2316 934 2352 2b.
962 2319 1071 2352 Rosae
1096 2323 1172 2352 sunt
1198 2322 1230 2351 et
1255 2318 1326 2352 lilia

309 2368 460 2407 Virgines
488 2367 604 2400 beatae
1011 2368 1100 2409 Apte
1123 2366 1292 2410 figuratae,

260 2415 380 2448 Passae
406 2416 437 2448 in
467 2416 612 2456 Colonia,
962 2416 1086 2449 Albent
1111 2417 1281 2460 pudicitia,

307 2463 345 2496 In
375 2464 473 2497 caelis
498 2466 645 2505 locatae3
1011 2465 1144 2499 Rubent
1170 2465 1363 2499 decollatae.

217 2523 237 2546 B
244 2524 254 2547 1
261 2530 277 2545 u
283 2530 307 2546 m
314 2531 327 2547 e
334 2542 341 2552 ,
359 2523 511 2552 Sequentiae
528 2525 652 2550 Ineditae.
683 2525 712 2551 V.
1294 2520 1329 2550 18
