1656 2690
688 129 924 164 ᾔτο-

597 222 643 254 68.
677 223 720 254 De
740 222 843 254 Beata
861 220 963 253 Maria
984 221 1019 252 V.

506 285 538 318 1.
564 284 670 325 Ave,
697 285 799 324 virgo,
826 285 930 316 mater
956 283 1088 324 Christi,

566 331 630 364 Per
656 331 741 372 quod
767 332 874 364 salvos
900 340 958 363 nos
984 330 1103 364 fecisti.

155 403 213 434 2a.
241 399 401 439 Maria,
428 408 446 431 o
473 408 568 440 quam
593 408 692 431 suave
832 398 891 431 2b.
919 397 1089 439 Gratia,
1117 407 1180 438 qua
1205 400 1238 429 te
1263 396 1374 429 beavit

242 448 345 480 Nobis
370 447 474 488 liquet
497 447 586 479 istud
611 447 693 486 Ave,
919 445 1067 480 Summus
1093 448 1198 487 pater,
1227 454 1296 476 eum
1324 443 1458 476 intravit

243 497 305 529 Per
331 495 416 537 quod
433 495 525 528 Evae
543 495 664 527 crimen
683 503 782 537 grave
920 494 1103 527 Claustrum
1116 497 1205 525 tuum
1220 494 1324 534 stirpe
1336 491 1457 532 David,

289 545 386 577 Almo
412 544 556 585 germine
581 542 718 585 fregisti.
970 543 1084 576 Caelos
1109 542 1204 575 nobis
1228 541 1397 582 aperuisti.

156 624 218 656 3a.
243 622 378 655 Plena
401 624 469 653 tam
493 630 576 662 puro
601 622 727 662 liquore
832 621 891 654 3b.
917 620 1121 654 Dominus
1146 619 1181 651 in
1205 622 1240 651 te
1264 619 1445 659 descendit,

245 670 400 710 Grabrieli2
428 679 520 703 sacro
546 678 603 701 ore
920 668 983 702 Pro
1008 669 1114 700 salute
1138 670 1251 699 nostra
1276 666 1404 699 scendit

243 718 376 756 Nuntio,
402 719 510 750 Iesum
537 717 654 749 decore
920 716 1058 757 Lignum
1079 715 1193 759 crucis,
1213 725 1275 756 quo
1289 715 1458 756 pependit,

291 767 344 799 Ex
370 768 402 797 te
426 767 517 798 nasci
543 766 743 798 consensisti.
967 763 1214 797 Mortefunctus
1225 767 1349 796 esttam
1361 763 1460 796 tristi.

158 845 219 876 4a.
246 844 397 876 Tecum
422 846 479 875 tua
501 844 535 875 in
562 843 672 875 carina
832 843 893 877 4b.
920 842 1168 875 Benedicta
1193 842 1248 883 sis,
1274 844 1309 873 tu
1334 841 1421 885 vitis,

247 891 345 924 Stetit,
369 894 459 923 trusa
484 892 541 924 lux
567 891 686 930 divina,
920 890 972 923 Ex
998 899 1062 930 qua
1085 889 1181 923 floret
1198 889 1346 922 Christus
1361 889 1460 925 mitis,

246 940 338 973 Nono
365 948 485 979 mense,
513 949 531 972 ο
558 939 680 981 regina,
924 964 1353 973 ........

293 988 393 1027 Quam
413 987 615 1028 praecellens
628 990 664 1019 tu
676 986 782 1019 fuisti!
969 986 1078 1018 Morte
1104 985 1176 1018 dira
1200 986 1249 1017 sic
1272 985 1436 1017 frondisti.

161 1065 223 1097 5a.
250 1064 308 1096 Tu
331 1065 374 1096 in
399 1064 654 1096 mulieribus
681 1073 714 1095 es
836 1063 897 1096 51).
924 1062 1196 1096 Benedictus
1223 1062 1320 1104 Deus,
1347 1065 1461 1101 mater,

250 1112 321 1145 Lux
346 1113 570 1151 splendentior
594 1114 630 1143 ut
656 1112 735 1152 dies,
924 1109 1028 1142 Natus
1054 1114 1128 1142 tuus
1155 1113 1204 1142 est
1229 1114 1262 1142 et
1285 1112 1391 1150 pater,

246 1160 283 1192 In
310 1169 373 1201 qua
400 1160 523 1201 pendet
547 1163 659 1192 nostra
684 1159 785 1202 quies,
923 1158 1040 1191 Zelans
1066 1161 1176 1191 noster
1202 1167 1273 1190 esse
1298 1158 1404 1190 frater

298 1208 413 1241 Gratia
438 1218 532 1249 quam
557 1208 714 1241 meruisti.
969 1207 1008 1239 In
1034 1210 1068 1238 te
1092 1207 1188 1250 venit,
1216 1209 1254 1238 ut
1277 1206 1383 1240 avisti.

164 1287 224 1319 δα.
251 1286 445 1318 Fructus
470 1289 544 1318 tuus
569 1286 645 1317 talis
671 1284 745 1324 fuit,
837 1284 895 1318 6b.
924 1284 1102 1316 Ventris
1128 1285 1164 1315 tu
1189 1284 1279 1315 nulla
1303 1284 1430 1316 iactura

248 1335 312 1367 Per
331 1342 424 1374 quem
445 1334 579 1366 daemon
594 1334 696 1365 hostis
710 1333 786 1373 ruit,
925 1331 989 1365 Sed
1014 1332 1195 1373 procedens
1221 1335 1328 1364 mente
1353 1341 1436 1371 pura

249 1382 387 1414 Nostros
414 1382 524 1421 lapsus
550 1381 625 1421 quia
649 1382 711 1413 luit
924 1380 1095 1413 Trinitatis
1121 1389 1246 1412 summa
1272 1389 1349 1412 cura

299 1430 409 1462 Morte
436 1430 515 1469 dira,
544 1438 640 1469 quam
666 1430 788 1464 vidisti,
974 1428 1072 1469 Virgo
1100 1428 1261 1461 Christum
1286 1428 1455 1469 peperisti.

165 1507 225 1540 7³..
251 1507 330 1538 Tui
356 1504 491 1548 fructus,
517 1509 550 1539 te
575 1515 735 1549 rogamus,
839 1506 897 1539 7b.
924 1506 1067 1545 Amen,
1100 1505 1230 1537 fervens
1258 1507 1301 1538 da
1325 1506 1484 1548 iuvamen‚

254 1555 345 1594 Quod
372 1563 521 1595 saporem
546 1554 730 1596 habeamus,
924 1552 1486 1597 Quodinflammetsanctumflamen‚

253 1603 299 1636 Ut
326 1611 396 1635 cum
421 1603 492 1643 ipso
518 1603 725 1644 gaudeamus,
925 1602 996 1635 Nos
1023 1602 1142 1634 habere
1168 1603 1374 1635 consolamen

303 1652 405 1684 Prece
422 1660 485 1691 qua
500 1652 654 1684 mundum
674 1651 790 1685 vicisti.
975 1651 1013 1684 In
1037 1652 1137 1692 caelo,
1165 1651 1250 1691 quod
1275 1651 1463 1685 ascendisti.

233 1717 374 1754 sequent.
395 1720 425 1745 et
445 1717 556 1753 Hymn.
579 1717 708 1746 Carmeli
728 1716 869 1745 Senensis
890 1726 967 1746 saec.
992 1715 1036 1745 14.
1074 1716 1144 1745 God.
1166 1717 1273 1745 Senen.
1295 1719 1321 1747 G
1340 1718 1387 1745 ΠΙ
1409 1715 1452 1744 2.Ἰ

157 1754 210 1787 m»,
231 1755 251 1784 4
271 1757 409 1793 aperisti3
438 1757 581 1792 aperuisti
606 1757 780 1792 viersilbig
800 1756 892 1784 durch
914 1757 1065 1789 Synizese.
1089 1772 1122 1776 —
1145 1754 1197 1790 4a,
1218 1755 1239 1784 4
1252 1756 1429 1793 procellens.
1450 1772 1490 1776 —

159 1793 210 1827 5³,
232 1793 247 1822 1
270 1795 445 1823 mulieribus
468 1804 511 1823 ex.
533 1810 571 1815 -—
591 1793 643 1829 5a,
660 1793 678 1822 2
699 1800 729 1823 et
750 1795 822 1823 dies.
843 1810 881 1814 —
902 1793 952 1829 δα,
966 1793 987 1822 4
1007 1804 1073 1831 qua.
1099 1811 1135 1815 —-
1156 1794 1210 1829 71),
1226 1794 1242 1822 1
1260 1795 1377 1823 fervens
1392 1795 1437 1822 de.

158 1833 220 1861 Der
241 1834 351 1862 Choral
370 1842 431 1861 von
451 1831 494 1861 Za
513 1833 688 1862 wiederholt
708 1833 770 1862 sich
789 1835 823 1861 in
842 1834 922 1862 allen
941 1834 1089 1862 Klauseln
1109 1835 1156 1862 bis
1179 1843 1247 1861 zum
1269 1833 1396 1862 Sohluss.

612 1926 658 1957 69.
689 1925 733 1958 De
753 1925 853 1957 Beata
874 1925 976 1958 Maria
997 1926 1033 1957 V.

169 1998 227 2031 ia.
256 1999 360 2042 Ave7
386 1998 500 2030 mundi
524 1998 687 2039 gaudium,
864 1998 923 2031 lb.
948 1997 1102 2041 Maria,
1130 1998 1187 2029 lux
1210 1998 1378 2040 luminum,

256 2047 337 2082 Ave,
365 2046 451 2078 salus
473 2046 615 2087 gentium
949 2045 1073 2086 Honor,
1099 2046 1194 2078 iubar
1219 2047 1380 2088 virginum

303 2095 385 2137 Ave,
413 2095 495 2126 caeli
519 2094 632 2135 gloria.
999 2094 1186 2127 Nardorum
1205 2094 1392 2136 fraglantia.

168 2172 229 2203 2a.
256 2171 410 2204 Gratia
437 2172 578 2212 gratuita
863 2170 924 2206 2b.
951 2171 1090 2207 Plena
1114 2176 1227 2205 sancto
1252 2172 1391 2216 flamine,

257 2220 319 2252 Dei
343 2218 403 2252 tibi
426 2220 550 2252 tradita
952 2219 1076 2252 Parens
1102 2223 1172 2254 sine
1197 2222 1341 2263 crimine,

305 2269 354 2301 Te
378 2268 485 2308 replet
511 2267 698 2301 virtutibus.
1000 2268 1142 2310 Fulgens
1165 2269 1199 2301 in
1224 2270 1430 2304 caelestibus.

170 2349 231 2381 3a.
256 2345 461 2379 Dominus
486 2349 520 2378 te
546 2345 707 2377 dominam
865 2345 925 2380 ab.
951 2345 1109 2378 Tecum
1134 2355 1190 2379 ens
1216 2347 1397 2381 humillimo

259 2395 355 2428 Fecit
379 2397 412 2426 et
439 2394 669 2428 conterminam
951 2393 1045 2426 Intus
1071 2404 1127 2427 ens
1152 2395 1187 2427 in
1212 2397 1318 2429 animo

310 2443 493 2477 Maiestatis
520 2442 661 2477 culmini.
1001 2443 1049 2475 Te
1074 2444 1230 2476 secundat
1254 2445 1386 2479 nemini.
