1656 2690
695 107 955 142 -286—

175 206 235 238 Sa.
263 206 386 239 Carent
410 214 485 246 ergo
512 206 623 246 requie
870 205 929 239 3b.

265 254 370 287 Nocte
394 262 523 293 semper
547 262 585 286 ac
612 254 666 286 die

314 303 401 334 Ante
424 301 573 333 thronum
602 301 762 334 dicentia:

177 370 238 401 4a.
265 369 422 408 Quattuor
446 372 520 400 sunt
545 377 707 413 proceres,
871 368 932 403 4b.

265 417 462 459 Matthaeus,
479 415 612 449 Marcus
639 419 669 449 et
687 416 804 456 Lucas,

312 465 473 498 Iohannes
498 465 749 505 supereminens.

179 533 198 565 5
210 541 240 565 a.
264 532 439 573 Tamquam
451 532 535 564 aeris
547 532 624 564 dant
633 531 802 574 scintillas,
870 535 888 565 5
898 531 929 565 b.

265 581 357 613 Inter
382 583 492 622 gentes
518 583 554 612 ut
578 589 638 620 per
661 580 735 612 illas

314 629 403 670 Ignis
427 628 557 661 divinus
581 628 707 672 ardeat,

178 696 237 728 6a.
263 694 394 728 Iunctas
419 704 542 735 pennas
569 698 602 727 et
627 699 772 729 extentas
874 695 933 730 6b.

266 743 329 776 Dei
354 752 471 784 magna
494 752 574 776 voce
598 742 686 776 facta

312 791 484 824 Festinant
508 792 708 833 submittere,

178 859 195 892 7
207 868 237 892 a.
263 858 422 898 Quattuor
431 858 540 891 throni
547 861 622 891 sunt
627 859 803 899 columnae,
873 859 891 891 7
899 858 930 892 b.

264 907 454 939 Volutantes
479 909 517 938 ut
541 907 709 939 columbae

313 956 368 987 Ad
395 954 506 987 divina
530 955 662 995 semina,

179 1023 241 1055 8a.
267 1021 355 1063 Ergo
383 1021 503 1054 sanctis
529 1021 579 1052 his
605 1024 748 1061 rogatur,
873 1021 933 1056 8b.

265 1069 404 1109 Quorum
432 1068 563 1108 scriptis
588 1068 783 1101 informatur

311 1117 404 1150 Haec
430 1116 551 1149 Christi
575 1116 710 1159 familia,

956 204 1495 248 Sanctus,sanctuS,sanctusDeus,

957 254 1018 294 Qui
1043 257 1090 287 est
1116 255 1230 295 trinus,
1257 254 1428 297 indivisus,

1007 302 1196 335 Sanctorum
1219 311 1336 343 magna
1357 300 1471 343 gloria.

958 370 1115 409 Quattuor
1140 370 1198 402 hos
1224 368 1325 401 facies

959 418 1143 458 Sequuntur
1167 417 1337 459 volubiles,

1006 465 1111 498 Rotae
1135 465 1206 497 visu
1231 465 1415 498 horribiles.

957 533 1081 565 Mundo
1106 531 1189 564 fides
1214 533 1393 577 intimetur,

959 579 1063 613 Homo
1089 580 1198 620 lapsus
1224 583 1410 621 reportetur

1005 629 1101 670 Illuc,
1127 628 1215 660 unde
1239 632 1416 662 corruerat.

961 696 1148 730 Creatorem
1173 705 1247 728 mox
1268 696 1407 729 adorant

958 744 1013 776 Illi
1040 744 1165 787 dantes,
1193 745 1279 785 quod
1305 744 1457 778 laborant

1007 792 1046 824 In
1072 792 1226 825 virtutum
1252 801 1361 833 opere.

958 859 1115 899 Quattuor
1128 859 1216 891 orbis
1231 868 1303 892 cum
1318 869 1378 901 per
1388 861 1502 900 plagas

959 907 1112 940 Tendunt
1136 916 1230 939 arcus
1257 910 1290 940 et
1314 908 1449 949 sagittas

1008 954 1073 987 Sua
1097 963 1158 994 per
1182 956 1361 996 evangelia.

960 1022 1005 1055 Ut
1031 1030 1103 1054 cum
1127 1022 1173 1054 eis
1197 1022 1233 1054 in
1258 1023 1408 1063 supernis

961 1072 1048 1102 Ante
1071 1069 1135 1102 Dei
1160 1070 1311 1103 thronum
1339 1072 1368 1103 ei

1009 1117 1169 1150 Decantet
1194 1119 1347 1151 Alleluia.

245 1183 386 1219 Sequent.
416 1191 470 1210 ms.
492 1182 658 1219 Campense
687 1184 758 1211 anni
786 1180 868 1211 1462.
910 1183 980 1212 Cod.
1008 1184 1230 1212 Darmstadien.
1252 1183 1318 1213 521.
1345 1202 1383 1207 ——
1410 1185 1465 1219 4b,
1488 1184 1503 1213 1

168 1221 227 1249 hiis
248 1222 349 1250 facies.
368 1236 409 1241 —-
427 1219 482 1257 41),
506 1219 523 1249 2
545 1221 716 1258 Sequuntur
735 1221 790 1249 hos

569 1314 632 1347 331.
664 1314 707 1347 De
727 1314 846 1347 sanctis
866 1315 1096 1356 Evangelistis.

178 1387 194 1419 1
208 1395 238 1418 a.
263 1386 490 1427 Evangelistas
515 1386 633 1427 gaudio
874 1386 932 1420 lb.

264 1434 393 1467 Summo
420 1434 507 1466 colat
530 1434 676 1474 ecclesia,

262 1482 312 1514 De
338 1491 471 1523 quorum
493 1490 584 1514 sacro
611 1482 697 1514 labio

263 1530 362 1563 Sacra
387 1529 526 1570 sumpsit
550 1530 687 1570 eloquia.

175 1598 195 1630 2
209 1608 238 1632 a.
265 1598 433 1630 Matthaeo
458 1597 566 1629 vultus
592 1597 728 1630 hominis
868 1597 929 1631 2b.

262 1645 378 1687 Datus,
404 1648 439 1677 ut
464 1645 582 1685 probat
606 1646 698 1688 visio,

264 1693 377 1736 Signat
403 1693 516 1725 beatae
543 1694 675 1734 virginis

263 1742 383 1774 Natum
409 1742 479 1773 sine
505 1742 663 1782 contagio.

177 1810 238 1842 3a.
264 1809 396 1842 Marcus
421 1809 507 1841 leoni
530 1809 645 1841 similis
870 1809 929 1843 3b.

263 1857 384 1891 Forma
409 1855 513 1898 fulget
537 1857 676 1898 egregia,

263 1906 410 1939 Christus
434 1906 486 1938 leo
511 1905 667 1938 terribilis

260 1955 411 1987 Surrexit
436 1954 489 1986 die
513 1954 621 1988 tertia.

173 2024 234 2055 4a.
258 2022 303 2054 Hi
328 2025 406 2054 sunt
428 2021 479 2053 illi
502 2022 651 2062 perpetui
868 2021 930 2054 4b.

261 2070 313 2102 De
338 2069 488 2103 Paradisi
513 2070 619 2102 medio

265 2116 342 2150 Fusi
368 2118 430 2150 rivi
455 2116 600 2150 melliflui

261 2166 416 2208 Rigantes
442 2166 617 2207 evangelio.

241 2233 326 2261 Miss.
352 2242 404 2260 ms.
430 2232 613 2269 Hispalense
637 2241 712 2261 saec.
741 2230 816 2260 ¹4l15.
858 2234 929 2261 Cod.

959 1387 1004 1419 Hi
1029 1390 1114 1428 sunt,
1142 1388 1198 1428 qui
1221 1389 1406 1422 testimonia

958 1435 1047 1467 Dant
1072 1436 1288 1476 redemptoris
1314 1438 1440 1470 actibus

956 1482 1077 1516 Forma
1101 1483 1265 1524 signantes
1292 1486 1382 1518 varia

957 1530 1075 1563 Datam
1100 1530 1199 1564 fidem
1224 1531 1387 1567 fidelibus.

955 1598 1061 1631 Lucas
1087 1603 1120 1631 in
1147 1598 1254 1633 forma
1278 1602 1421 1634 cernitur

955 1646 1062 1687 Bovis,
1091 1647 1145 1687 qui
1171 1647 1233 1680 fuit
1257 1649 1399 1694 victima,

959 1694 1107 1727 Christus
1133 1705 1192 1735 pro
1218 1697 1312 1730 nobis
1338 1699 1476 1731 moritur

957 1743 1085 1776 Oblatio
1111 1746 1326 1781 sanctissima.

956 1810 993 1842 In
1019 1810 1124 1844 forma
1151 1813 1236 1845 visus
1261 1815 1390 1855 aquilae

957 1858 1115 1892 Iohannes
1142 1860 1247 1901 glosat
1274 1865 1395 1906 cetera,

956 1907 1040 1939 Dum
1066 1911 1141 1948 post
1166 1911 1329 1942 certamen
1355 1911 1464 1944 nobile

956 1954 1103 1988 Christus
1129 1957 1278 1989 aseendit
1302 1959 1446 1993 aethera.

956 2022 1012 2055 Sic
1032 2023 1127 2055 nobis
1150 2032 1250 2064 aquas
1278 2025 1418 2060 dulciter

957 2071 1051 2104 Sacri
1074 2071 1216 2105 dulcoris
1243 2072 1389 2119 influant,

958 2120 1006 2153 Ut
1029 2129 1087 2152 nos
1113 2118 1181 2152 frui
1206 2124 1394 2162 perenniter

957 2166 1032 2200 Iesu
1057 2169 1227 2209 praedulci
1252 2171 1407 2208 tribuant.

957 2234 1047 2262 Univ.
1073 2236 1196 2263 Ianuen.
1227 2237 1252 2264 A
1272 2238 1332 2267 VII
1353 2237 1380 2268 3.
1402 2242 1436 2269 A.
1461 2257 1500 2262 -

166 2272 251 2300 Miss.
272 2281 325 2300 ms.
347 2271 529 2307 Hispalense
549 2280 625 2299 saec.
643 2269 687 2299 15.
722 2271 793 2300 Cod.
819 2271 986 2300 Columbin.
1000 2274 1079 2310 Hisp
1081 2273 1158 2302 alen.
1174 2272 1221 2310 83,
1238 2274 1283 2304 15.
1300 2278 1335 2306 Β.
1358 2294 1386 2298 —-
1414 2281 1473 2309 Mi.
1470 2290 1499 2308 ..s

164 2321 217 2339 ms.
239 2311 421 2348 Hispalense
442 2318 519 2338 saec.
542 2309 587 2338 15.
629 2310 700 2338 Cod.
722 2284 1134 2347 (¹01umbin.Hispalen.85‚
1158 2311 1203 2341 18.
1227 2315 1258 2343 C.
1280 2331 1318 2336 —
1337 2318 1422 2347 Mjss
1446 2329 1499 2347 ms

164 2321 1246 2395 Hispalensesaeo..15.Cod.C-01umbin.Hispalen.Vit1-in.,1’2.D.-
1254 2355 1371 2385 Miss.
1387 2359 1444 2388 His
1432 2368 1499 2395 spa·

163 2390 246 2417 leuse
266 2391 336 2426 imp.
360 2388 480 2424 Hispali
503 2387 586 2416 1507.
607 2388 644 2416 E.
672 2405 710 2408 —
740 2385 758 2416 3
769 2397 795 2422 a,
818 2386 835 2415 2
857 2389 977 2440 egredia
997 2387 1031 2417 E.
1053 2406 1093 2410 -
1113 2391 1171 2420 Str.
1192 2391 1211 2419 4
1231 2393 1305 2422 fehlt
1325 2395 1361 2424 E.
1441 2398 1501 2427 Die

164 2422 352 2457 Uberschrift
370 2428 465 2457 latitet
485 2432 517 2454 in
537 2427 579 2455 E:
616 2427 732 2456 Lucae
754 2425 985 2463 evangelistae.“
