1656 2690
151 206 214 238 4a.

157 715 220 747 5a.

165 1560 225 1591 6a.

680 108 944 143 ——104-

241 206 380 238 Tarsum
406 205 518 236 volens
546 203 678 237 Ciliciae

293 254 394 286 Freto
420 252 580 292 remigare

242 301 333 338 Nutu
357 299 422 332 Dei
446 300 644 332 Romanicae

290 349 389 381 Flatu
416 350 586 381 ventorum

336 395 410 427 urbi
435 396 656 436 propinquare

243 444 368 486 Coepit,
395 446 524 485 patrem
550 447 704 476 contuens

292 493 508 533 Matremque,
524 500 675 531 sponsam
685 493 783 533 piam,

243 540 329 580 Quos
355 541 406 572 vir
430 540 494 573 Dei
519 543 742 581 pertransiens

293 588 350 621 Ad
375 589 503 628 patriae

343 637 493 669 caelestis
523 636 661 668 tendens
687 637 784 670 viam.

248 714 342 749 Servi
367 717 474 747 tamen

340 766 474 803 peccato
500 762 690 804 servientes,

248 812 280 844 A
303 811 415 844 vetitis

343 867 458 890 cavere
481 868 546 891 non
571 859 717 890 valentes

296 906 461 947 Coquinae
486 906 700 948 squaloribus,

295 955 437 995 Iniuriis,
468 955 633 987 doloribus

346 1003 533 1044 Omnigenis

395 1055 540 1083 sanctum
575 1051 787 1084 lacessarunt.

248 1099 309 1138 Qui
335 1100 498 1139 patienter
523 1099 696 1141 sustinens,

248 1146 365 1179 Grates
390 1147 460 1180 Deo
487 1147 643 1188 referens,

251 1195 345 1234 Quod
370 1196 442 1235 pati
465 1205 526 1236 pro
552 1204 589 1227 eo

348 1244 463 1285 dignus
489 1243 561 1284 fuit,

252 1291 313 1331 Qui
337 1292 450 1324 mortis
475 1300 592 1325 saevae

348 1348 475 1371 crucem
500 1349 564 1372 non
591 1338 711 1381 effugit,

297 1388 360 1419 His
385 1396 422 1419 se
445 1388 590 1428 tradens,

349 1435 410 1474 Qui
435 1434 491 1476 fel,
519 1438 646 1468 acetum

397 1484 461 1516 sibi
486 1484 713 1524 propinarunt.

253 1560 403 1602 Plangite
427 1561 615 1604 gaudentes,

254 1608 401 1642 Gaudete
425 1610 626 1650 plangentes,

252 1657 342 1689 Mira
366 1657 516 1691 miranda

349 1708 458 1738 mente
482 1706 704 1739 revolventes!

256 1753 351 1785 Venit
379 1754 420 1785 de
445 1755 534 1787 caelo

352 1811 414 1833 vox
438 1803 474 1833 in
499 1803 684 1835 sanctuario

258 1850 453 1893 „Sanctnm“
485 1851 595 1883 dicens

356 1899 523 1941 „quaerite
546 1899 580 1930 in
605 1899 724 1931 solario

252 1946 449 1987 Eufemiani‚

353 2004 413 2036 pro
443 1995 533 2027 vobis
559 1997 595 2026 ut
619 1993 734 2039 oret“3

257 2044 317 2083 Qui
342 2044 493 2075 inventus

354 2091 446 2124 vultu
471 2094 507 2123 ut
531 2099 607 2123 rosa
631 2089 736 2125 floret.

260 2138 401 2171 Currant
425 2139 467 2171 ad
492 2140 555 2171 hoc
575 2141 796 2179 spectaculum

355 2186 447 2226 Papa
475 2196 544 2219 cum
569 2187 760 2220 Innocentio

404 2235 630 2276 imperatores,

260 2284 380 2318 Mortis
407 2286 575 2317 cernentes
599 2284 739 2317 iaculum

258 2332 418 2374 Angelica
439 2332 497 2366 sub
524 2331 630 2365 forma
652 2333 794 2374 latitare,

260 2382 440 2416 Coruscare

259 2431 428 2464 Mortuum
456 2433 494 2462 ut
516 2430 664 2471 paradisi
688 2428 795 2465 flores.

826 712 887 748 5b.

833 1561 894 1596 6b.

822 204 884 238 4b.
911 204 1043 237 Patrem
1068 207 1205 246 propter
1228 204 1382 237 Alexium

961 252 1101 297 Rogans‚
1130 262 1221 285 suum
1248 257 1371 294 natum,

911 299 1043 340 Largiri
1068 301 1132 334 sibi
1158 300 1328 344 ferculum,

961 347 1006 380 Ut
1032 348 1134 382 faciat
1158 349 1243 381 hunc

1007 396 1166 430 Dominus
1193 397 1334 429 beatum.

915 442 1054 478 Gemens
1078 448 1174 486 pater
1199 446 1302 486 recipi

960 491 1041 524 Mox
1065 493 1161 525 iussit
1186 492 1394 534 peregrinum

913 539 1091 580 Ipsumque
1117 540 1214 581 digne
1238 541 1331 574 refici

963 586 1035 619 Sibi
1059 589 1192 620 mittens

1013 636 1147 669 cottidie
1173 637 1325 670 catinum.

913 711 1052 745 Demum
1077 712 1168 746 labo-

1011 762 1057 793 ris
1083 762 1232 794 bravium
1256 761 1412 801 instabat,

913 809 1101 850 Incognitus

1012 859 1105 890 annis
1133 859 1189 898 qui
1215 858 1369 892 latitabat

961 905 1083 938 Decem
1109 910 1207 947 atque
1232 908 1375 949 septenis

962 953 1116 987 Afflictus
1144 955 1282 988 diversis
1306 956 1420 997 poenis

1012 1004 1051 1035 In
1078 1003 1152 1036 aula

1063 1052 1168 1092 patris
1197 1051 1396 1093 Eufemiani,

914 1099 1012 1131 Vitae
1039 1100 1138 1132 totius
1164 1101 1283 1134 seriem

916 1147 1069 1181 Scribens
1096 1150 1130 1180 et
1153 1150 1342 1190 maneriem,

916 1195 1084 1229 Cartulam
1111 1194 1173 1240 [in]
1199 1206 1298 1230 manu

1013 1253 1073 1276 sua
1097 1244 1261 1289 claudens,

915 1291 1100 1324 Fallentem
1123 1294 1277 1326 mundum

1017 1341 1196 1373 deserendo
1222 1343 1378 1383 gaudens,

968 1388 1101 1422 Christo
1126 1390 1270 1422 reddens

1018 1437 1184 1481 Spiritum,
1213 1437 1348 1471 fraudes

1064 1487 1197 1518 vincens
1223 1487 1326 1519 hostis
1354 1488 1438 1519 vani.

922 1561 1088 1595 Cartulam
1115 1568 1285 1597 cernentes

921 1610 1042 1650 Vulgus
1069 1615 1101 1643 et
1125 1616 1278 1651 parentes

919 1657 1106 1691 Extrahere
1132 1660 1173 1691 de

1017 1717 1115 1740 manu
1140 1717 1204 1740 non
1230 1712 1391 1753 potentes,

919 1754 992 1787 Nisi
1017 1755 1181 1789 Romanus

1017 1803 1167 1844 pontifex
1198 1805 1344 1846 devotuS,

922 1851 983 1890 Qui
1006 1850 1088 1885 flens
1113 1854 1224 1893 legens

1018 1902 1145 1943 palam;
1171 1902 1219 1934 sic
1243 1903 1331 1943 patri
1355 1907 1462 1949 notus,

922 1948 1034 1991 Matri,
1061 1959 1200 1990 sponsae

1019 1998 1160 2037 primum
1174 1998 1212 2031 fit
1226 2002 1305 2032 tunc
1315 2001 1465 2036 AlexiuS.

922 2043 1005 2085 Heu,
1032 2046 1184 2079 cordibus

1021 2103 1130 2127 eorum
1156 2096 1203 2128 nil
1229 2097 1420 2138 perplexius

922 2140 1145 2187 lmprimitur3
1170 2145 1347 2186 insaniunt,

1019 2192 1109 2225 Pilos
1128 2194 1281 2236 evellunt,
1299 2195 1464 2232 scindunt.

1070 2245 1238 2285 rumpunt,
1261 2244 1467 2291 vestimenta,

924 2287 1061 2321 Carnem
1090 2291 1291 2333 discerpunt,
1317 2293 1457 2336 laniunt,

922 2336 1100 2370 Incitantes
1110 2341 1255 2372 astantes
1266 2342 1308 2374 ad
1318 2341 1497 2386 ploratum,

923 2383 1102 2419 Ululatum.

923 2432 1114 2467 Morborum
1137 2435 1307 2477 aufugiunt
1323 2441 1496 2478 tormenta.
