1656 2690
713 128 976 165 —179—

181 223 239 256 2a.
266 223 305 255 In
327 224 390 257 hac
415 225 566 257 miseriae
883 227 943 260 2b.
970 227 1033 259 Tot
1060 227 1135 259 dum
1161 226 1422 269 phantasmatum

271 271 376 314 Valle,
402 276 517 315 mater,
543 274 597 314 pie
969 276 1107 308 Incursu
1130 275 1281 309 turbatur

270 319 429 353 Succurre
454 321 581 354 miseris
968 323 1114 356 Mentale
1140 323 1310 358 sabbatum

269 368 315 400 Et
339 378 434 410 zyma
459 371 584 402 scoriae
967 371 1013 403 Et
1038 381 1136 404 carne
1161 374 1310 405 movente

268 416 379 450 Tollas
408 417 448 450 de
473 418 590 462 medio,
967 419 1141 453 Diversum
1166 421 1336 461 proelium.

180 484 240 519 3a.
271 484 373 517 Guras
400 485 481 517 haec
505 486 671 526 propellat
879 487 938 520 3b.
965 486 1048 519 Nam
1077 496 1149 519 cum
1175 489 1224 519 tot
1249 487 1374 528 fulgeat

267 532 463 575 Mandanas,
491 534 613 578 noxias,
966 536 1058 568 Inter
1083 545 1142 568 nos
1169 536 1303 577 meritis,

271 579 393 614 Christi
419 591 476 615 nos
503 581 604 615 faciat
967 583 1088 616 Caecos
1113 584 1311 625 illuminem,

269 630 385 662 Secum
411 630 601 673 participes,
966 631 1100 665 Claudis
1126 640 1269 673 gressum
1296 641 1417 672 parans

268 678 375 710 Patris
401 679 541 719 imperii.
963 680 1186 721 Auditumque
1211 681 1330 722 surdis,

178 745 240 779 4a.
266 744 416 777 Mortuos
441 746 587 786 suscitat,
874 747 937 782 4¹0.
964 746 1066 785 Quam
1091 745 1173 780 felix
1199 746 1322 780 famula

266 791 391 825 Febres
419 793 573 838 eliminat,
964 794 1131 835 Hedwigis
1157 796 1282 837 inclita,

266 840 345 873 Sese
369 840 559 875 invocantes
964 842 1085 875 Vivens
1111 852 1182 875 cum
1210 843 1313 884 gloria

265 890 391 931 Aegros
417 891 529 930 plures
556 893 650 923 curat
963 892 1003 924 In
1030 891 1112 924 caeli
1136 892 1244 932 patria

264 937 309 969 Et
334 938 423 979 loqui
449 937 561 972 efficit.
964 940 1028 972 Per
1054 940 1126 972 aevi
1151 939 1300 973 saecula!

178 1006 239 1038 5a.
267 1005 334 1039 Ubi
361 1014 420 1038 nec
443 1006 577 1050 senium,
873 1007 936 1041 5b.
962 1007 1037 1039 Illic
1063 1007 1261 1049 archangeli,

265 1054 338 1086 Nec
362 1055 499 1095 languor
524 1054 690 1097 mentium,
962 1055 1159 1097 Prophetae,
1188 1056 1295 1097 angeli

264 1101 336 1134 Nec
360 1105 467 1135 terror
494 1102 644 1143 hostium,
965 1102 1047 1136 Sunt
1074 1106 1225 1136 canentes
1251 1104 1321 1137 Deo

266 1151 338 1183 Nec
364 1160 441 1183 cura
468 1151 614 1191 vestium,
967 1151 1112 1184 Gloriam
1138 1153 1171 1185 in
1199 1153 1297 1185 caelis

263 1199 335 1231 Nec
358 1198 450 1232 fraus
474 1207 537 1231 nec
561 1199 690 1240 odium,
965 1201 1055 1233 Voce
1074 1200 1229 1234 mirabili.

625 1269 656 1301 6.
686 1267 748 1307 Qui
770 1267 864 1300 nobis
891 1268 1016 1300 tribuat

683 1316 817 1348 Peccati
841 1317 970 1349 veniam

686 1364 854 1406 Hedwigis
881 1364 1033 1404 precibus

681 1412 726 1444 Et
753 1412 852 1445 donet
876 1412 1016 1454 patriam

683 1461 722 1493 In
748 1461 830 1493 caeli
855 1461 971 1502 gloria.

239 1529 312 1557 Vita
337 1538 391 1556 ms.
418 1528 447 1557 S.
474 1527 630 1564 Hedwigis
659 1535 736 1555 saec.
758 1524 834 1555 ¹4l15.
876 1527 947 1556 Cod.
968 1528 1066 1556 Vatic.
1087 1527 1182 1556 Palat.
1204 1525 1271 1556 857.
1293 1528 1326 1557 A.
1356 1544 1393 1548 —
1421 1529 1506 1556 Miss.

162 1576 217 1595 ms.
240 1567 269 1596 S.
291 1567 427 1595 Floriani
449 1575 527 1595 sae0.
550 1565 593 1595 15.
629 1566 700 1594 eod.
723 1565 753 1593 S.
774 1566 909 1594 Floriani
928 1566 974 1595 XI
993 1564 1059 1595 385.
1081 1567 1115 1594 B.
1139 1583 1169 1587 —
1197 1567 1282 1595 Miss.
1304 1576 1358 1595 ms.
1380 1567 1508 1596 Schlier-

161 1606 290 1635 bacense
316 1609 388 1634 anni
417 1604 501 1634 1484.
545 1605 615 1633 Cod.
637 1604 857 1633 Schlierbacen.
879 1606 895 1633 I
917 1604 961 1634 14,
984 1605 1016 1633 C.
1041 1620 1079 1625 —-
1105 1605 1293 1643 Sequentiar.
1316 1615 1370 1634 ms.
1397 1606 1508 1635 Cremi-

161 1645 284 1673 fanense
305 1654 382 1673 saec.
406 1643 451 1672 15.
478 1654 522 1673 ex.
545 1645 678 1672 additum
698 1643 783 1671 Miss.
804 1645 940 1672 Romano
961 1645 1032 1680 imp.
1047 1644 1182 1673 Venetiis
1200 1643 1284 1673 1484.
1299 1645 1336 1673 D.
1359 1661 1396 1665 —-
1421 1645 1506 1674 Miss.

162 1693 218 1713 ms.
239 1685 418 1713 Pataviense
446 1692 523 1712 saec.
547 1682 590 1712 15.
633 1683 704 1711 Cod.
725 1683 874 1711 Mellicen.
903 1681 970 1711 979.
991 1683 1027 1710 Ε.
1060 1698 1096 1703 -
1124 1685 1207 1713 Miss.
1228 1684 1410 1713 Pataviense
1431 1685 1505 1721 imp.

161 1723 297 1752 Venetiis
320 1720 404 1752 1503.
425 1723 459 1751 Ε.
481 1737 518 1742 -
538 1723 623 1751 Miss.
637 1721 896 1759 Magdeburgense
915 1724 986 1758 imp.
1001 1722 1142 1751 Lubecae
1164 1720 1247 1750 1480.
1263 1723 1298 1752 G.
1318 1738 1357 1742 —
1379 1725 1504 1751 Ausser-

162 1762 242 1790 dem:
273 1762 359 1790 Miss.
385 1770 439 1790 ms.
461 1762 491 1791 S.
514 1761 648 1789 Floriani
675 1769 751 1789 saec.
777 1758 821 1788 15.
863 1760 936 1789 0011.
957 1760 987 1788 S.
1008 1762 1146 1789 Floriani
1165 1761 1213 1790 ΙΙΙ
1232 1760 1259 1789 9.
1281 1777 1319 1782 -
1338 1762 1423 1790 Miss.
1452 1771 1508 1792 ηις.

163 1801 326 1830 Garstense
352 1809 428 1829 saec.
453 1799 497 1829 15.
540 1800 611 1828 Ood.
632 1800 755 1828 Lincen.
776 1802 805 1829 Γ
826 1808 844 1836 q
868 1798 912 1828 10.
941 1814 979 1819 -—
1005 1800 1090 1828 Miss.
1111 1801 1266 1828 Misnense
1291 1803 1362 1837 imp.
1383 1802 1509 1837 Lipsiae

163 1839 247 1869 1510.
275 1855 314 1859 —
348 1838 402 1875 1a,
425 1837 443 1868 3
470 1842 613 1868 resonant
632 1839 694 1866 DF.
725 1854 762 1859 —
796 1837 851 1872 la,
873 1837 893 1866 4
919 1839 956 1867 In
977 1847 1027 1867 ore
1046 1839 1108 1867 EF.
1136 1855 1172 1859 —
1206 1837 1263 1874 la,
1286 1836 1303 1867 5
1329 1839 1365 1867 In
1390 1839 1507 1868 Christo

162 1879 328 1908 AssCEFG.
356 1893 395 1898 ——
423 1877 475 1914 2a,
498 1876 516 1906 2
537 1887 581 1915 sq.
609 1878 707 1906 fehlen
738 1877 770 1906 G.
797 1892 834 1897 —
859 1875 913 1912 2a,
934 1876 952 1905 2
979 1879 1032 1914 pia
1056 1877 1093 1906 E.
1119 1893 1156 1897 —
1185 1876 1239 1912 2a,
1261 1877 1278 1906 5
1306 1878 1395 1906 tollat
1416 1878 1449 1908 C.

163 1916 217 1953 212,
236 1918 248 1946 1
265 1927 308 1955 sq.
323 1919 450 1947 Incursu
465 1919 707 1955 phantasmatum
722 1919 768 1945 tot
781 1916 851 1945 dum
864 1917 1002 1945 turbatur
1015 1917 1042 1945 A
1057 1926 1084 1945 u.
1101 1917 1160 1946 alle
1176 1917 1306 1946 anderen
1322 1917 1457 1951 Quellen.
1470 1933 1508 1937 —

161 1955 215 1992 3a,
234 1957 248 1986 1
269 1958 364 1987 Foras
385 1957 501 1987 AEFG.
523 1971 561 1975 -
583 1955 633 1992 3a,
649 1953 667 1984 3
690 1957 733 1985 Et
753 1955 866 1985 Christi
886 1955 1004 1993 BCDF3
1031 1965 1086 1985 nos
1106 1956 1182 1985 fehlt
1200 1957 1237 1984 D.
1262 1972 1296 1976 -—
1329 1955 1383 1991 31),
1407 1954 1421 1985 1
1442 1957 1507 1985 Iam

161 1997 193 2025 O.
213 2013 254 2017 —
274 1994 328 2032 31),
349 1995 370 2025 4
389 1997 532 2026 Gressum
553 1995 671 2025 claudis
690 1996 785 2024 donas
807 1996 847 2031 A,
868 1995 985 2023 donans
1006 1995 1042 2024 G.
1063 2011 1101 2016 ω-
1121 1994 1174 2030 4‡a‚
1199 1993 1215 2023 1
1242 1996 1391 2024 suscitans
1412 1996 1447 2024 A.
1471 2011 1506 2016 —

161 2035 216 2071 4a,
233 2035 251 2065 5
271 2036 313 2065 Er
334 2045 424 2065 sanos
446 2036 537 2065 efficit
557 2035 620 2064 AG.
642 2050 679 2054 —
702 2034 758 2067 410,
779 2033 793 2062 1
814 2035 927 2063 femina
943 2035 978 2068 A,
999 2033 1117 2063 familia
1130 2035 1189 2064 BC.
1213 2050 1248 2054 -—
1270 2033 1323 2070 4b,
1339 2033 1357 2063 5
1377 2036 1508 2064 Perenni

159 2076 306 2111 BCDEF;
328 2075 428 2113 gloria
446 2077 481 2104 A.
503 2091 541 2097 —
563 2073 614 2110 5a,
640 2072 653 2102 1
674 2075 724 2103 Ibi
746 2073 779 2102 G.
801 2089 839 2093 —-
861 2072 915 2108 5a,
938 2071 955 2102 3
978 2073 1061 2102 furor
1081 2074 1140 2102 BG.
1162 2087 1201 2093 —-
1222 2073 1273 2109 5a,
1295 2072 1312 2103 5
1335 2075 1385 2103 vel
1406 2074 1507 2103 odium

160 2116 195 2143 A.
223 2131 260 2135 -—
287 2113 341 2149 51),
363 2116 378 2143 Ι
398 2115 476 2143 Illuc
497 2114 529 2142 C.
552 2128 588 2132 —
619 2112 670 2148 5b,
691 2112 710 2142 3
731 2122 774 2150 sq.
802 2115 944 2141 canentes
964 2113 1093 2149 gloriam
1114 2113 1180 2142 Deo
1201 2113 1225 2140 A
1245 2123 1275 2141 u.
1298 2114 1358 2142 alle
1378 2114 1509 2142 anderen

163 2154 299 2189 Quellen.
317 2170 330 2173 -
342 2169 352 2173 -
375 2153 402 2188 6,
418 2152 436 2181 2
457 2154 655 2182 Peccatorum
676 2153 707 2182 Ο.
729 2150 815 2194 ·-.6,
832 2151 853 2181 4
872 2152 1000 2188 gloriam
1015 2153 1049 2180 A.
1067 2168 1106 2172 —
1127 2150 1152 2188 6,
1168 2151 1186 2181 5
1208 2153 1285 2181 caeli
1305 2154 1406 2189 patria
1418 2153 1453 2181 A.
1470 2169 1508 2173 —-

159 2194 218 2223 Die
237 2193 370 2222 Melodie
389 2193 484 2222 bietet
502 2192 538 2227 A,
560 2192 706 2221 n'amlich:
735 2192 863 2220 Mlttit
883 2192 927 2219 ad
946 2192 1144 2228 virginem.

598 2289 669 2321 202.
701 2288 746 2320 De
767 2288 880 2321 sancta
900 2287 1064 2330 Hedwige.

171 2365 187 2396 1
202 2373 231 2397 a.
259 2362 359 2399 Alma
382 2366 487 2396 mater
512 2363 666 2404 gratiosa,
874 2361 934 2395 1b.
962 2358 1014 2396 De
1039 2360 1151 2394 radice
1176 2369 1334 2403 generosa

259 2413 334 2446 Dux
359 2412 499 2454 Advigis
524 2412 666 2453 gloriosa
960 2409 1021 2443 Est
1048 2413 1162 2443 exorta
1187 2418 1326 2443 vernans
1353 2418 1428 2442 rosa

307 2461 454 2495 Ducatus
478 2461 645 2503 Poloniae,
1008 2458 1141 2500 Regalis
1166 2459 1352 2500 prosapiae.

1271 2513 1330 2544 12*
