<?xml version="1.0" encoding="UTF-8"?>
<!DOCTYPE html PUBLIC "-//W3C//DTD XHTML 1.0 Transitional//EN"
    "http://www.w3.org/TR/xhtml1/DTD/xhtml1-transitional.dtd">
<html xmlns="http://www.w3.org/1999/xhtml" xml:lang="en" lang="en">
 <head>
  <title>
</title>
<meta http-equiv="Content-Type" content="text/html;charset=utf-8" />
  <meta name='ocr-system' content='tesseract 3.04.00' />
  <meta name='ocr-capabilities' content='ocr_page ocr_carea ocr_par ocr_line ocrx_word'/>
</head>
<body>
  <div class='ocr_page' id='page_1' title='image "./analectahymnica37drevuoft_00038.png"; bbox 0 0 1656 2690; ppageno 0'>
   <div class='ocr_carea' id='block_1_1' title="bbox 717 132 957 168">
    <p class='ocr_par' dir='ltr' id='par_1_1' title="bbox 717 132 957 168">
     <span class='ocr_line' id='line_1_1' title="bbox 717 132 957 168; baseline 0 -10"><span class='ocrx_word' id='word_1_1' title='bbox 717 132 957 168; x_wconf 68' lang='lat'><strong>-35-</strong></span> 
     </span>
    </p>
   </div>
   <div class='ocr_carea' id='block_1_2' title="bbox 171 227 1462 690">
    <p class='ocr_par' dir='ltr' id='par_1_2' title="bbox 171 227 1462 690">
     <span class='ocr_line' id='line_1_2' title="bbox 200 227 1212 273; baseline 0.006 -14"><span class='ocrx_word' id='word_1_2' title='bbox 200 227 263 260; x_wconf 86' lang='lat' dir='ltr'><strong>9a.</strong></span> <span class='ocrx_word' id='word_1_3' title='bbox 292 227 472 268; x_wconf 85' lang='lat' dir='ltr'><strong>Discipulis</strong></span> <span class='ocrx_word' id='word_1_4' title='bbox 901 232 961 264; x_wconf 85' lang='lat' dir='ltr'><strong>9b.</strong></span> <span class='ocrx_word' id='word_1_5' title='bbox 989 232 1027 265; x_wconf 92' lang='lat' dir='ltr'><strong>In</strong></span> <span class='ocrx_word' id='word_1_6' title='bbox 1053 232 1115 264; x_wconf 84' lang='lat' dir='ltr'><strong>hac</strong></span> <span class='ocrx_word' id='word_1_7' title='bbox 1137 241 1212 273; x_wconf 85' lang='lat' dir='ltr'><strong>ergo</strong></span> 
     </span>
     <span class='ocr_line' id='line_1_3' title="bbox 286 276 1219 321; baseline 0.005 -13"><span class='ocrx_word' id='word_1_8' title='bbox 286 279 384 317; x_wconf 83' lang='lat' dir='ltr'><strong>atque</strong></span> <span class='ocrx_word' id='word_1_9' title='bbox 409 276 595 318; x_wconf 81' lang='lat' dir='ltr'><strong>linguarum</strong></span> <span class='ocrx_word' id='word_1_10' title='bbox 991 281 1045 313; x_wconf 87' lang='lat' dir='ltr'><strong>die</strong></span> <span class='ocrx_word' id='word_1_11' title='bbox 1069 281 1219 321; x_wconf 80' lang='lat' dir='ltr'><strong>petimuS,</strong></span> 
     </span>
     <span class='ocr_line' id='line_1_4' title="bbox 288 325 1302 378; baseline 0.006 -22"><span class='ocrx_word' id='word_1_12' title='bbox 288 325 381 378; x_wconf 70' lang='lat' dir='ltr'><strong>varia</strong></span> <span class='ocrx_word' id='word_1_13' title='bbox 407 327 497 358; x_wconf 89' lang='lat' dir='ltr'><strong>venit</strong></span> <span class='ocrx_word' id='word_1_14' title='bbox 989 330 1121 361; x_wconf 85' lang='lat' dir='ltr'><strong>mittere</strong></span> <span class='ocrx_word' id='word_1_15' title='bbox 1148 329 1302 370; x_wconf 57' lang='lat' dir='ltr'><strong>digneris</strong></span> 
     </span>
     <span class='ocr_line' id='line_1_5' title="bbox 286 374 1359 418; baseline 0.005 -14"><span class='ocrx_word' id='word_1_16' title='bbox 286 382 318 404; x_wconf 91' lang='lat' dir='ltr'><strong>1n</strong></span> <span class='ocrx_word' id='word_1_17' title='bbox 346 374 421 415; x_wconf 81' lang='lat' dir='ltr'><strong>igne</strong></span> <span class='ocrx_word' id='word_1_18' title='bbox 446 374 572 407; x_wconf 88' lang='lat' dir='ltr'><strong>notitia.</strong></span> <span class='ocrx_word' id='word_1_19' title='bbox 988 377 1116 418; x_wconf 81' lang='lat' dir='ltr'><strong>genitor</strong></span> <span class='ocrx_word' id='word_1_20' title='bbox 1139 378 1234 418; x_wconf 81' lang='lat' dir='ltr'><strong>alme,</strong></span> <span class='ocrx_word' id='word_1_21' title='bbox 1263 378 1359 418; x_wconf 83' lang='lat' dir='ltr'><strong>dona,</strong></span> 
     </span>
     <span class='ocr_line' id='line_1_6' title="bbox 173 459 1462 505; baseline 0.002 -12"><span class='ocrx_word' id='word_1_22' title='bbox 173 460 216 494; x_wconf 85' lang='lat'><strong>10</strong></span> <span class='ocrx_word' id='word_1_23' title='bbox 229 470 258 495; x_wconf 82' lang='lat' dir='ltr'><strong>a.</strong></span> <span class='ocrx_word' id='word_1_24' title='bbox 287 459 440 493; x_wconf 79' lang='lat' dir='ltr'><strong>Cordium</strong></span> <span class='ocrx_word' id='word_1_25' title='bbox 470 464 567 502; x_wconf 82' lang='lat' dir='ltr'><strong>atque</strong></span> <span class='ocrx_word' id='word_1_26' title='bbox 592 465 774 495; x_wconf 78' lang='lat' dir='ltr'><strong>nostrorum</strong></span> <span class='ocrx_word' id='word_1_27' title='bbox 876 463 959 496; x_wconf 74' lang='lat'>1012.</span> <span class='ocrx_word' id='word_1_28' title='bbox 987 464 1139 504; x_wconf 81' lang='lat' dir='ltr'>Quaeque</span> <span class='ocrx_word' id='word_1_29' title='bbox 1163 464 1251 505; x_wconf 88' lang='lat' dir='ltr'><strong>pelle</strong></span> <span class='ocrx_word' id='word_1_30' title='bbox 1277 463 1462 505; x_wconf 82' lang='lat' dir='ltr'><strong>tenebrosa,</strong></span> 
     </span>
     <span class='ocr_line' id='line_1_7' title="bbox 171 547 1449 591; baseline 0.001 -10"><span class='ocrx_word' id='word_1_31' title='bbox 171 547 213 581; x_wconf 88' lang='grc'><strong>11</strong></span> <span class='ocrx_word' id='word_1_32' title='bbox 226 558 255 583; x_wconf 81' lang='lat' dir='ltr'><strong>a.</strong></span> <span class='ocrx_word' id='word_1_33' title='bbox 285 547 490 590; x_wconf 86' lang='lat' dir='ltr'><strong>Cooperante</strong></span> <span class='ocrx_word' id='word_1_34' title='bbox 515 553 591 582; x_wconf 83' lang='lat' dir='ltr'><strong>nato</strong></span> <span class='ocrx_word' id='word_1_35' title='bbox 617 551 683 591; x_wconf 87' lang='lat' dir='ltr'><strong>tuo,</strong></span> <span class='ocrx_word' id='word_1_36' title='bbox 878 550 964 583; x_wconf 83' lang='grc'><strong>111).</strong></span> <span class='ocrx_word' id='word_1_37' title='bbox 992 549 1132 590; x_wconf 83' lang='lat' dir='ltr'><strong>Spiritus</strong></span> <span class='ocrx_word' id='word_1_38' title='bbox 1159 550 1301 582; x_wconf 88' lang='lat' dir='ltr'><strong>eiusdem</strong></span> <span class='ocrx_word' id='word_1_39' title='bbox 1329 551 1449 583; x_wconf 84' lang='lat' dir='ltr'><strong>sancti-</strong></span> 
     </span>
     <span class='ocr_line' id='line_1_8' title="bbox 285 595 1127 637; baseline -0.001 -8"><span class='ocrx_word' id='word_1_40' title='bbox 285 598 340 637; x_wconf 88' lang='lat' dir='ltr'><strong>qui</strong></span> <span class='ocrx_word' id='word_1_41' title='bbox 367 595 473 630; x_wconf 84' lang='lat' dir='ltr'><strong>factus</strong></span> <span class='ocrx_word' id='word_1_42' title='bbox 499 601 550 629; x_wconf 88' lang='lat' dir='ltr'><strong>est</strong></span> <span class='ocrx_word' id='word_1_43' title='bbox 985 597 1127 631; x_wconf 78' lang='lat' dir='ltr'><strong>faciente</strong></span> 
     </span>
     <span class='ocr_line' id='line_1_9' title="bbox 284 645 1251 690; baseline 0.001 -13"><span class='ocrx_word' id='word_1_44' title='bbox 284 645 396 678; x_wconf 83' lang='lat' dir='ltr'><strong>mundi</strong></span> <span class='ocrx_word' id='word_1_45' title='bbox 423 646 539 690; x_wconf 84' lang='lat' dir='ltr'><strong>hostia,</strong></span> <span class='ocrx_word' id='word_1_46' title='bbox 985 654 1111 686; x_wconf 87' lang='lat' dir='ltr'><strong>quoque</strong></span> <span class='ocrx_word' id='word_1_47' title='bbox 1136 647 1251 687; x_wconf 82' lang='lat' dir='ltr'><strong>gratia.</strong></span> 
     </span>
    </p>
   </div>
   <div class='ocr_carea' id='block_1_3' title="bbox 621 731 977 870">
    <p class='ocr_par' dir='ltr' id='par_1_3' title="bbox 621 731 977 870">
     <span class='ocr_line' id='line_1_10' title="bbox 621 731 977 767; baseline -0.003 -2"><span class='ocrx_word' id='word_1_48' title='bbox 621 732 679 767; x_wconf 86' lang='lat'><strong>12.</strong></span> <span class='ocrx_word' id='word_1_49' title='bbox 706 731 804 765; x_wconf 78' lang='lat' dir='ltr'><strong>Cuius</strong></span> <span class='ocrx_word' id='word_1_50' title='bbox 831 735 881 764; x_wconf 87' lang='lat' dir='ltr'><strong>est</strong></span> <span class='ocrx_word' id='word_1_51' title='bbox 906 733 977 766; x_wconf 81' lang='lat' dir='ltr'><strong>laus</strong></span> 
     </span>
     <span class='ocr_line' id='line_1_11' title="bbox 708 781 871 822; baseline 0 -9"><span class='ocrx_word' id='word_1_52' title='bbox 708 783 740 813; x_wconf 88' lang='lat' dir='ltr'><strong>et</strong></span> <span class='ocrx_word' id='word_1_53' title='bbox 765 781 871 822; x_wconf 84' lang='lat' dir='ltr'><strong>gloria</strong></span> 
     </span>
     <span class='ocr_line' id='line_1_12' title="bbox 703 829 929 870; baseline 0.013 -10"><span class='ocrx_word' id='word_1_54' title='bbox 703 838 764 870; x_wconf 86' lang='lat' dir='ltr'><strong>per</strong></span> <span class='ocrx_word' id='word_1_55' title='bbox 789 829 929 863; x_wconf 81' lang='lat' dir='ltr'><strong>saecula.</strong></span> 
     </span>
    </p>
   </div>
   <div class='ocr_carea' id='block_1_4' title="bbox 161 913 1502 1068">
    <p class='ocr_par' dir='ltr' id='par_1_4' title="bbox 161 913 1502 1068">
     <span class='ocr_line' id='line_1_13' title="bbox 239 913 1501 952; baseline -0.001 -9"><span class='ocrx_word' id='word_1_56' title='bbox 239 914 328 943; x_wconf 79' lang='lat' dir='ltr'><strong>Grad.</strong></span> <span class='ocrx_word' id='word_1_57' title='bbox 355 923 409 943; x_wconf 89' lang='lat' dir='ltr'><strong>ms.</strong></span> <span class='ocrx_word' id='word_1_58' title='bbox 436 915 667 943; x_wconf 81' lang='lat' dir='ltr'><strong>Ravennatense</strong></span> <span class='ocrx_word' id='word_1_59' title='bbox 696 923 772 943; x_wconf 81' lang='lat' dir='ltr'><strong>saec.</strong></span> <span class='ocrx_word' id='word_1_60' title='bbox 802 913 846 943; x_wconf 83' lang='lat'><strong>11.</strong></span> <span class='ocrx_word' id='word_1_61' title='bbox 890 915 961 943; x_wconf 86' lang='lat' dir='ltr'><strong>Cod.</strong></span> <span class='ocrx_word' id='word_1_62' title='bbox 988 916 1085 952; x_wconf 79' lang='lat' dir='ltr'><strong>Capit.</strong></span> <span class='ocrx_word' id='word_1_63' title='bbox 1113 916 1255 944; x_wconf 76' lang='lat' dir='ltr'>Patavini</span> <span class='ocrx_word' id='word_1_64' title='bbox 1279 916 1306 944; x_wconf 89' lang='lat' dir='ltr'><strong>A</strong></span> <span class='ocrx_word' id='word_1_65' title='bbox 1332 913 1380 943; x_wconf 85' lang='lat'><strong>47.</strong></span> <span class='ocrx_word' id='word_1_66' title='bbox 1408 916 1442 943; x_wconf 93' lang='lat' dir='ltr'><strong>A.</strong></span> <span class='ocrx_word' id='word_1_67' title='bbox 1464 931 1501 935; x_wconf 89' lang='lat'>—</span> 
     </span>
     <span class='ocr_line' id='line_1_14' title="bbox 163 952 1500 991; baseline 0.001 -10"><span class='ocrx_word' id='word_1_68' title='bbox 163 953 253 981; x_wconf 84' lang='lat' dir='ltr'><strong>Grad.</strong></span> <span class='ocrx_word' id='word_1_69' title='bbox 274 962 328 981; x_wconf 74' lang='lat' dir='ltr'><strong>ins.</strong></span> <span class='ocrx_word' id='word_1_70' title='bbox 349 954 581 982; x_wconf 56' lang='lat' dir='ltr'><strong>Ravennatente</strong></span> <span class='ocrx_word' id='word_1_71' title='bbox 601 962 677 983; x_wconf 79' lang='lat' dir='ltr'><strong>saec¹</strong></span> <span class='ocrx_word' id='word_1_72' title='bbox 701 952 745 981; x_wconf 87' lang='lat'><strong>11.</strong></span> <span class='ocrx_word' id='word_1_73' title='bbox 775 954 846 982; x_wconf 84' lang='lat' dir='ltr'><strong>Cod.</strong></span> <span class='ocrx_word' id='word_1_74' title='bbox 869 955 966 991; x_wconf 79' lang='lat' dir='ltr'><strong>Capit.</strong></span> <span class='ocrx_word' id='word_1_75' title='bbox 987 955 1133 982; x_wconf 80' lang='lat' dir='ltr'><strong>Mutinen.</strong></span> <span class='ocrx_word' id='word_1_76' title='bbox 1149 955 1173 983; x_wconf 77' lang='lat' dir='ltr'><strong>s)</strong></span> <span class='ocrx_word' id='word_1_77' title='bbox 1187 955 1203 982; x_wconf 89' lang='lat'>1</span> <span class='ocrx_word' id='word_1_78' title='bbox 1216 955 1244 983; x_wconf 93' lang='lat' dir='ltr'>N</span> <span class='ocrx_word' id='word_1_79' title='bbox 1259 954 1286 982; x_wconf 84' lang='lat'><strong>7.</strong></span> <span class='ocrx_word' id='word_1_80' title='bbox 1303 957 1336 982; x_wconf 81' lang='lat' dir='ltr'><strong>B.</strong></span> <span class='ocrx_word' id='word_1_81' title='bbox 1359 970 1396 974; x_wconf 89' lang='lat'><strong>—</strong></span> <span class='ocrx_word' id='word_1_82' title='bbox 1417 954 1435 981; x_wconf 83' lang='lat'><strong>7</strong></span> <span class='ocrx_word' id='word_1_83' title='bbox 1442 955 1469 989; x_wconf 83' lang='lat' dir='ltr'><strong>b,</strong></span> <span class='ocrx_word' id='word_1_84' title='bbox 1482 953 1500 982; x_wconf 81' lang='lat'>2</span> 
     </span>
     <span class='ocr_line' id='line_1_15' title="bbox 161 990 1502 1030; baseline 0.002 -11"><span class='ocrx_word' id='word_1_85' title='bbox 161 992 328 1020; x_wconf 79' lang='lat' dir='ltr'><strong>crediderat</strong></span> <span class='ocrx_word' id='word_1_86' title='bbox 346 992 408 1021; x_wconf 90' lang='lat' dir='ltr'><strong>AB.</strong></span> <span class='ocrx_word' id='word_1_87' title='bbox 433 1007 472 1011; x_wconf 92' lang='lat'>—</span> <span class='ocrx_word' id='word_1_88' title='bbox 498 990 552 1026; x_wconf 84' lang='lat' dir='ltr'><strong>8b‚</strong></span> <span class='ocrx_word' id='word_1_89' title='bbox 576 992 590 1021; x_wconf 86' lang='lat'>1</span> <span class='ocrx_word' id='word_1_90' title='bbox 614 993 709 1027; x_wconf 77' lang='lat' dir='ltr'><strong>Quam</strong></span> <span class='ocrx_word' id='word_1_91' title='bbox 731 993 792 1021; x_wconf 87' lang='lat' dir='ltr'><strong>AB.</strong></span> <span class='ocrx_word' id='word_1_92' title='bbox 835 1008 840 1009; x_wconf 34' lang='grc' dir='ltr'><em>ν</em></span> <span class='ocrx_word' id='word_1_93' title='bbox 874 991 926 1028; x_wconf 73' lang='grc'><strong>81),</strong></span> <span class='ocrx_word' id='word_1_94' title='bbox 948 991 966 1020; x_wconf 82' lang='grc'>2</span> <span class='ocrx_word' id='word_1_95' title='bbox 987 994 1070 1030; x_wconf 55' lang='lat' dir='ltr'><strong>repet</strong></span> <span class='ocrx_word' id='word_1_96' title='bbox 1095 994 1127 1021; x_wconf 76' lang='lat'><strong>13.</strong></span> <span class='ocrx_word' id='word_1_97' title='bbox 1153 1008 1191 1013; x_wconf 91' lang='lat'><strong>———</strong></span> <span class='ocrx_word' id='word_1_98' title='bbox 1219 992 1254 1021; x_wconf 89' lang='grc'><strong>10</strong></span> <span class='ocrx_word' id='word_1_99' title='bbox 1264 1002 1289 1027; x_wconf 82' lang='lat' dir='ltr'><strong>a,</strong></span> <span class='ocrx_word' id='word_1_100' title='bbox 1314 993 1326 1020; x_wconf 92' lang='lat'>1</span> <span class='ocrx_word' id='word_1_101' title='bbox 1356 993 1502 1022; x_wconf 85' lang='lat' dir='ltr'><strong>Cordibus</strong></span> 
     </span>
     <span class='ocr_line' id='line_1_16' title="bbox 162 1030 1024 1068; baseline 0.003 -11"><span class='ocrx_word' id='word_1_102' title='bbox 162 1033 254 1068; x_wconf 82' lang='lat' dir='ltr'><strong>atque</strong></span> <span class='ocrx_word' id='word_1_103' title='bbox 274 1034 446 1059; x_wconf 80' lang='lat' dir='ltr'><strong>nostrarum</strong></span> <span class='ocrx_word' id='word_1_104' title='bbox 466 1031 528 1059; x_wconf 86' lang='lat' dir='ltr'><strong>AB.</strong></span> <span class='ocrx_word' id='word_1_105' title='bbox 550 1047 588 1051; x_wconf 90' lang='lat'>—</span> <span class='ocrx_word' id='word_1_106' title='bbox 613 1030 682 1067; x_wconf 82' lang='lat' dir='ltr'><strong>lla,</strong></span> <span class='ocrx_word' id='word_1_107' title='bbox 704 1031 716 1060; x_wconf 91' lang='lat'>1</span> <span class='ocrx_word' id='word_1_108' title='bbox 743 1031 807 1065; x_wconf 88' lang='lat' dir='ltr'><strong>Quo</strong></span> <span class='ocrx_word' id='word_1_109' title='bbox 829 1035 972 1068; x_wconf 78' lang='lat' dir='ltr'><strong>operante</strong></span> <span class='ocrx_word' id='word_1_110' title='bbox 991 1033 1024 1060; x_wconf 87' lang='grc' dir='ltr'><strong>Β.</strong></span> 
     </span>
    </p>
   </div>
   <div class='ocr_carea' id='block_1_5' title="bbox 479 1162 1173 1204">
    <p class='ocr_par' dir='ltr' id='par_1_5' title="bbox 479 1162 1173 1204">
     <span class='ocr_line' id='line_1_17' title="bbox 479 1162 1173 1204; baseline 0.001 -9"><span class='ocrx_word' id='word_1_111' title='bbox 479 1162 521 1195; x_wconf 84' lang='lat'><strong>31.</strong></span> <span class='ocrx_word' id='word_1_112' title='bbox 552 1162 717 1195; x_wconf 85' lang='lat' dir='ltr'><strong>Dominica.</strong></span> <span class='ocrx_word' id='word_1_113' title='bbox 738 1163 843 1204; x_wconf 79' lang='lat' dir='ltr'><strong>prima</strong></span> <span class='ocrx_word' id='word_1_114' title='bbox 864 1167 937 1204; x_wconf 84' lang='lat' dir='ltr'><strong>post</strong></span> <span class='ocrx_word' id='word_1_115' title='bbox 959 1163 1173 1196; x_wconf 80' lang='lat' dir='ltr'><strong>Pentecosten.</strong></span> 
     </span>
    </p>
   </div>
   <div class='ocr_carea' id='block_1_6' title="bbox 546 1244 1040 1334">
    <p class='ocr_par' dir='ltr' id='par_1_6' title="bbox 546 1244 1040 1334">
     <span class='ocr_line' id='line_1_18' title="bbox 546 1244 1040 1288; baseline -0.002 -10"><span class='ocrx_word' id='word_1_116' title='bbox 546 1245 578 1279; x_wconf 86' lang='lat'><strong>1.</strong></span> <span class='ocrx_word' id='word_1_117' title='bbox 605 1244 703 1288; x_wconf 85' lang='lat' dir='ltr'><strong>Ecce,</strong></span> <span class='ocrx_word' id='word_1_118' title='bbox 733 1245 802 1277; x_wconf 90' lang='lat' dir='ltr'><strong>dies</strong></span> <span class='ocrx_word' id='word_1_119' title='bbox 825 1245 1040 1285; x_wconf 83' lang='lat' dir='ltr'><strong>venerandus,</strong></span> 
     </span>
     <span class='ocr_line' id='line_1_19' title="bbox 604 1292 1027 1334; baseline 0 -9"><span class='ocrx_word' id='word_1_120' title='bbox 604 1293 786 1326; x_wconf 77' lang='lat' dir='ltr'>lustrantur</span> <span class='ocrx_word' id='word_1_121' title='bbox 811 1302 874 1334; x_wconf 84' lang='lat' dir='ltr'><strong>quo</strong></span> <span class='ocrx_word' id='word_1_122' title='bbox 901 1292 1027 1326; x_wconf 90' lang='lat' dir='ltr'><strong>fideles.</strong></span> 
     </span>
    </p>
   </div>
   <div class='ocr_carea' id='block_1_7' title="bbox 157 1370 1439 2491">
    <p class='ocr_par' dir='ltr' id='par_1_7' title="bbox 168 1370 1439 1558">
     <span class='ocr_line' id='line_1_20' title="bbox 168 1370 1439 1414; baseline 0.001 -11"><span class='ocrx_word' id='word_1_123' title='bbox 168 1372 229 1403; x_wconf 84' lang='lat' dir='ltr'><strong>2a.</strong></span> <span class='ocrx_word' id='word_1_124' title='bbox 257 1370 296 1404; x_wconf 89' lang='lat' dir='ltr'><strong>In</strong></span> <span class='ocrx_word' id='word_1_125' title='bbox 322 1380 385 1411; x_wconf 91' lang='lat' dir='ltr'><strong>quo</strong></span> <span class='ocrx_word' id='word_1_126' title='bbox 411 1371 515 1403; x_wconf 84' lang='lat' dir='ltr'><strong>almus</strong></span> <span class='ocrx_word' id='word_1_127' title='bbox 540 1370 675 1411; x_wconf 89' lang='lat' dir='ltr'><strong>spiritus</strong></span> <span class='ocrx_word' id='word_1_128' title='bbox 868 1372 928 1404; x_wconf 84' lang='lat' dir='ltr'><strong>2b.</strong></span> <span class='ocrx_word' id='word_1_129' title='bbox 957 1371 1068 1405; x_wconf 85' lang='lat' dir='ltr'><strong>Corda</strong></span> <span class='ocrx_word' id='word_1_130' title='bbox 1093 1373 1224 1413; x_wconf 89' lang='lat' dir='ltr'><strong>replens</strong></span> <span class='ocrx_word' id='word_1_131' title='bbox 1250 1375 1439 1414; x_wconf 82' lang='lat' dir='ltr'><strong>mentesque</strong></span> 
     </span>
     <span class='ocr_line' id='line_1_21' title="bbox 254 1419 1128 1453; baseline 0.002 -2"><span class='ocrx_word' id='word_1_132' title='bbox 254 1419 445 1452; x_wconf 74' lang='lat' dir='ltr'><strong>adventavit</strong></span> <span class='ocrx_word' id='word_1_133' title='bbox 954 1420 1128 1453; x_wconf 73' lang='lat' dir='ltr'><strong>altithroni</strong></span> 
     </span>
     <span class='ocr_line' id='line_1_22' title="bbox 253 1468 1305 1508; baseline 0.002 -8"><span class='ocrx_word' id='word_1_134' title='bbox 253 1477 352 1508; x_wconf 89' lang='lat' dir='ltr'><strong>super</strong></span> <span class='ocrx_word' id='word_1_135' title='bbox 378 1471 510 1502; x_wconf 86' lang='lat' dir='ltr'><strong>cunctos</strong></span> <span class='ocrx_word' id='word_1_136' title='bbox 537 1468 707 1501; x_wconf 82' lang='lat' dir='ltr'><strong>credentes</strong></span> <span class='ocrx_word' id='word_1_137' title='bbox 952 1469 1062 1501; x_wconf 88' lang='lat' dir='ltr'><strong>sonitu</strong></span> <span class='ocrx_word' id='word_1_138' title='bbox 1089 1469 1305 1503; x_wconf 81' lang='lat' dir='ltr'><strong>corroborans</strong></span> 
     </span>
     <span class='ocr_line' id='line_1_23' title="bbox 251 1516 1098 1558; baseline 0.001 -9"><span class='ocrx_word' id='word_1_139' title='bbox 251 1516 292 1550; x_wconf 87' lang='lat' dir='ltr'><strong>ab</strong></span> <span class='ocrx_word' id='word_1_140' title='bbox 319 1516 428 1558; x_wconf 80' lang='lat' dir='ltr'><strong>astriS,</strong></span> <span class='ocrx_word' id='word_1_141' title='bbox 951 1520 1098 1557; x_wconf 87' lang='lat' dir='ltr'><strong>repente.</strong></span> 
     </span>
    </p>

    <p class='ocr_par' dir='ltr' id='par_1_8' title="bbox 163 1603 1325 1694">
     <span class='ocr_line' id='line_1_24' title="bbox 163 1603 1258 1650; baseline 0.002 -14"><span class='ocrx_word' id='word_1_142' title='bbox 163 1604 225 1637; x_wconf 87' lang='lat' dir='ltr'><strong>3a.</strong></span> <span class='ocrx_word' id='word_1_143' title='bbox 251 1604 364 1637; x_wconf 80' lang='lat' dir='ltr'><strong>Virtus</strong></span> <span class='ocrx_word' id='word_1_144' title='bbox 389 1603 538 1644; x_wconf 85' lang='lat' dir='ltr'><strong>perfudit</strong></span> <span class='ocrx_word' id='word_1_145' title='bbox 862 1604 922 1637; x_wconf 88' lang='lat' dir='ltr'><strong>3b.</strong></span> <span class='ocrx_word' id='word_1_146' title='bbox 949 1604 1095 1638; x_wconf 86' lang='lat' dir='ltr'><strong>Advenit</strong></span> <span class='ocrx_word' id='word_1_147' title='bbox 1121 1604 1258 1650; x_wconf 83' lang='lat' dir='ltr'><strong>divinus,</strong></span> 
     </span>
     <span class='ocr_line' id='line_1_25' title="bbox 252 1652 1325 1694; baseline 0.003 -10"><span class='ocrx_word' id='word_1_148' title='bbox 252 1653 406 1685; x_wconf 77' lang='lat' dir='ltr'><strong>cordibus</strong></span> <span class='ocrx_word' id='word_1_149' title='bbox 431 1652 645 1687; x_wconf 82' lang='lat' dir='ltr'><strong>credentium.</strong></span> <span class='ocrx_word' id='word_1_150' title='bbox 698 1655 714 1671; x_wconf 88' lang='grc'><strong>*</strong></span> <span class='ocrx_word' id='word_1_151' title='bbox 931 1653 1130 1694; x_wconf 82' lang='lat' dir='ltr'><strong>*discipulos</strong></span> <span class='ocrx_word' id='word_1_152' title='bbox 1154 1654 1325 1687; x_wconf 79' lang='lat' dir='ltr'><strong>illustrans</strong></span> 
     </span>
    </p>

    <p class='ocr_par' dir='ltr' id='par_1_9' title="bbox 736 1692 1389 1748">
     <span class='ocr_line' id='line_1_26' title="bbox 736 1692 1389 1748; baseline 0.005 -15"><span class='ocrx_word' id='word_1_153' title='bbox 736 1692 752 1708; x_wconf 89' lang='lat'><strong>*</strong></span> <span class='ocrx_word' id='word_1_154' title='bbox 776 1731 792 1748; x_wconf 67' lang='grc'><strong>*</strong></span> <span class='ocrx_word' id='word_1_155' title='bbox 854 1731 870 1748; x_wconf 74' lang='lat'><em>*</em></span> <span class='ocrx_word' id='word_1_156' title='bbox 894 1693 910 1710; x_wconf 89' lang='lat'><em>*</em></span> <span class='ocrx_word' id='word_1_157' title='bbox 950 1702 1044 1743; x_wconf 82' lang='lat' dir='ltr'><strong>ignis,</strong></span> <span class='ocrx_word' id='word_1_158' title='bbox 1070 1711 1239 1743; x_wconf 63' lang='lat' dir='ltr'><strong>quael-effi,</strong></span> <span class='ocrx_word' id='word_1_159' title='bbox 1265 1704 1389 1744; x_wconf 84' lang='lat' dir='ltr'><strong>lucenS,</strong></span> 
     </span>
    </p>

    <p class='ocr_par' dir='ltr' id='par_1_10' title="bbox 245 1738 1383 2255">
     <span class='ocr_line' id='line_1_27' title="bbox 253 1738 1353 1787; baseline 0.003 -7"><span class='ocrx_word' id='word_1_160' title='bbox 253 1738 347 1772; x_wconf 74' lang='lat' dir='ltr'>Nova</span> <span class='ocrx_word' id='word_1_161' title='bbox 373 1743 570 1781; x_wconf 60' lang='lat' dir='ltr'><strong>acceperunt</strong></span> <span class='ocrx_word' id='word_1_162' title='bbox 814 1771 830 1787; x_wconf 75' lang='lat'><em>*</em></span> <span class='ocrx_word' id='word_1_163' title='bbox 950 1751 1098 1783; x_wconf 79' lang='lat' dir='ltr'><strong>tribuens</strong></span> <span class='ocrx_word' id='word_1_164' title='bbox 1125 1751 1353 1784; x_wconf 79' lang='lat' dir='ltr'><strong>charismatum</strong></span> 
     </span>
     <span class='ocr_line' id='line_1_28' title="bbox 251 1788 1212 1833; baseline 0.003 -14"><span class='ocrx_word' id='word_1_165' title='bbox 251 1788 452 1831; x_wconf 86' lang='lat' dir='ltr'><strong>procedente</strong></span> <span class='ocrx_word' id='word_1_166' title='bbox 477 1789 594 1830; x_wconf 87' lang='lat' dir='ltr'><strong>spiritu</strong></span> <span class='ocrx_word' id='word_1_167' title='bbox 776 1809 792 1826; x_wconf 73' lang='lat'><em>*</em></span> <span class='ocrx_word' id='word_1_168' title='bbox 852 1809 870 1828; x_wconf 55' lang='lat' dir='ltr'><strong>‚g</strong></span> <span class='ocrx_word' id='word_1_169' title='bbox 952 1799 1037 1832; x_wconf 71' lang='lat' dir='ltr'>dona</span> <span class='ocrx_word' id='word_1_170' title='bbox 1062 1800 1212 1833; x_wconf 73' lang='lat' dir='ltr'><strong>omnibus</strong></span> 
     </span>
     <span class='ocr_line' id='line_1_29' title="bbox 251 1826 1223 1879; baseline 0.002 -10"><span class='ocrx_word' id='word_1_171' title='bbox 251 1846 271 1869; x_wconf 79' lang='lat' dir='ltr'>a</span> <span class='ocrx_word' id='word_1_172' title='bbox 291 1839 388 1877; x_wconf 84' lang='lat' dir='ltr'><strong>patre</strong></span> <span class='ocrx_word' id='word_1_173' title='bbox 413 1835 545 1879; x_wconf 88' lang='lat' dir='ltr'><strong>filioque</strong></span> <span class='ocrx_word' id='word_1_174' title='bbox 738 1847 754 1864; x_wconf 86' lang='lat'><em>*</em></span> <span class='ocrx_word' id='word_1_175' title='bbox 894 1850 910 1866; x_wconf 86' lang='lat'>*</span> <span class='ocrx_word' id='word_1_176' title='bbox 1214 1826 1223 1841; x_wconf 82' lang='lat'>&#39;</span> 
     </span>
     <span class='ocr_line' id='line_1_30' title="bbox 250 1884 1313 1930; baseline 0.003 -12"><span class='ocrx_word' id='word_1_177' title='bbox 250 1884 411 1926; x_wconf 75' lang='lat' dir='ltr'><strong>fulgentia</strong></span> <span class='ocrx_word' id='word_1_178' title='bbox 436 1886 543 1928; x_wconf 80' lang='lat' dir='ltr'><strong>eloqui</strong></span> <span class='ocrx_word' id='word_1_179' title='bbox 697 1889 714 1905; x_wconf 67' lang='lat'><strong>²¹⁵</strong></span> <span class='ocrx_word' id='word_1_180' title='bbox 931 1887 1124 1930; x_wconf 61' lang='lat' dir='ltr'><strong>ffiustrans,</strong></span> <span class='ocrx_word' id='word_1_181' title='bbox 1149 1887 1313 1921; x_wconf 80' lang='lat' dir='ltr'><strong>inundans</strong></span> 
     </span>
     <span class='ocr_line' id='line_1_31' title="bbox 248 1935 1230 1976; baseline 0.005 -10"><span class='ocrx_word' id='word_1_182' title='bbox 248 1935 421 1976; x_wconf 81' lang='lat' dir='ltr'><strong>magnalia.</strong></span> <span class='ocrx_word' id='word_1_183' title='bbox 951 1936 1083 1970; x_wconf 85' lang='lat' dir='ltr'><strong>deitatis</strong></span> <span class='ocrx_word' id='word_1_184' title='bbox 1110 1945 1230 1971; x_wconf 86' lang='lat' dir='ltr'><strong>amore.</strong></span> 
     </span>
     <span class='ocr_line' id='line_1_32' title="bbox 248 2022 1304 2069; baseline 0.002 -13"><span class='ocrx_word' id='word_1_185' title='bbox 248 2023 329 2056; x_wconf 86' lang='lat' dir='ltr'><strong>Dies</strong></span> <span class='ocrx_word' id='word_1_186' title='bbox 356 2022 504 2064; x_wconf 82' lang='lat' dir='ltr'><strong>fulgebat</strong></span> <span class='ocrx_word' id='word_1_187' title='bbox 948 2025 1051 2069; x_wconf 86' lang='lat' dir='ltr'><strong>Tunc,</strong></span> <span class='ocrx_word' id='word_1_188' title='bbox 1074 2026 1129 2066; x_wconf 89' lang='lat' dir='ltr'><strong>qui</strong></span> <span class='ocrx_word' id='word_1_189' title='bbox 1155 2024 1304 2067; x_wconf 81' lang='lat' dir='ltr'><strong>aderant,</strong></span> 
     </span>
     <span class='ocr_line' id='line_1_33' title="bbox 247 2070 1164 2115; baseline 0.002 -11"><span class='ocrx_word' id='word_1_190' title='bbox 247 2070 409 2113; x_wconf 82' lang='lat' dir='ltr'><strong>florigera,</strong></span> <span class='ocrx_word' id='word_1_191' title='bbox 946 2075 1164 2115; x_wconf 82' lang='lat' dir='ltr'><strong>loquebantur</strong></span> 
     </span>
     <span class='ocr_line' id='line_1_34' title="bbox 249 2120 1285 2165; baseline 0.003 -12"><span class='ocrx_word' id='word_1_192' title='bbox 249 2120 421 2154; x_wconf 87' lang='lat' dir='ltr'><strong>vehemens</strong></span> <span class='ocrx_word' id='word_1_193' title='bbox 449 2121 490 2154; x_wconf 91' lang='lat' dir='ltr'><strong>de</strong></span> <span class='ocrx_word' id='word_1_194' title='bbox 516 2122 605 2154; x_wconf 80' lang='lat' dir='ltr'><strong>caelo</strong></span> <span class='ocrx_word' id='word_1_195' title='bbox 947 2126 1117 2165; x_wconf 81' lang='lat' dir='ltr'><strong>mustoque</strong></span> <span class='ocrx_word' id='word_1_196' title='bbox 1141 2123 1285 2165; x_wconf 86' lang='lat' dir='ltr'><strong>repletos</strong></span> 
     </span>
     <span class='ocr_line' id='line_1_35' title="bbox 248 2169 1383 2214; baseline 0.004 -13"><span class='ocrx_word' id='word_1_197' title='bbox 248 2169 374 2202; x_wconf 89' lang='lat' dir='ltr'><strong>sonitus</strong></span> <span class='ocrx_word' id='word_1_198' title='bbox 400 2170 541 2211; x_wconf 84' lang='lat' dir='ltr'><strong>replevit</strong></span> <span class='ocrx_word' id='word_1_199' title='bbox 567 2173 700 2203; x_wconf 89' lang='lat' dir='ltr'><strong>cunctos</strong></span> <span class='ocrx_word' id='word_1_200' title='bbox 947 2172 1120 2214; x_wconf 82' lang='lat' dir='ltr'><strong>ebriosque</strong></span> <span class='ocrx_word' id='word_1_201' title='bbox 1146 2182 1206 2213; x_wconf 86' lang='lat' dir='ltr'><strong>per</strong></span> <span class='ocrx_word' id='word_1_202' title='bbox 1230 2173 1383 2206; x_wconf 85' lang='lat' dir='ltr'><strong>vinumve</strong></span> 
     </span>
     <span class='ocr_line' id='line_1_36' title="bbox 245 2218 1281 2255; baseline 0.003 -4"><span class='ocrx_word' id='word_1_203' title='bbox 245 2218 431 2252; x_wconf 84' lang='lat' dir='ltr'><strong>residentes</strong></span> <span class='ocrx_word' id='word_1_204' title='bbox 458 2218 624 2253; x_wconf 80' lang='lat' dir='ltr'><strong>Solimam.</strong></span> <span class='ocrx_word' id='word_1_205' title='bbox 947 2230 1003 2254; x_wconf 86' lang='lat' dir='ltr'><strong>eos</strong></span> <span class='ocrx_word' id='word_1_206' title='bbox 1028 2230 1101 2254; x_wconf 82' lang='lat' dir='ltr'><strong>esse</strong></span> <span class='ocrx_word' id='word_1_207' title='bbox 1125 2225 1281 2255; x_wconf 81' lang='lat' dir='ltr'><strong>amentes.</strong></span> 
     </span>
    </p>

    <p class='ocr_par' dir='ltr' id='par_1_11' title="bbox 157 2307 1294 2491">
     <span class='ocr_line' id='line_1_37' title="bbox 157 2307 1184 2351; baseline 0.002 -11"><span class='ocrx_word' id='word_1_208' title='bbox 157 2308 219 2340; x_wconf 86' lang='lat' dir='ltr'><strong>4a.</strong></span> <span class='ocrx_word' id='word_1_209' title='bbox 248 2307 311 2340; x_wconf 86' lang='lat' dir='ltr'><strong>Ore</strong></span> <span class='ocrx_word' id='word_1_210' title='bbox 334 2315 494 2351; x_wconf 78' lang='lat' dir='ltr'><strong>rogemus,</strong></span> <span class='ocrx_word' id='word_1_211' title='bbox 857 2309 918 2343; x_wconf 80' lang='lat' dir='ltr'><strong>4b.</strong></span> <span class='ocrx_word' id='word_1_212' title='bbox 944 2308 1184 2351; x_wconf 81' lang='lat' dir='ltr'><strong>Largifluisque</strong></span> 
     </span>
     <span class='ocr_line' id='line_1_38' title="bbox 247 2355 1254 2404; baseline 0.003 -16"><span class='ocrx_word' id='word_1_213' title='bbox 247 2355 345 2389; x_wconf 86' lang='lat' dir='ltr'><strong>corde</strong></span> <span class='ocrx_word' id='word_1_214' title='bbox 368 2358 518 2397; x_wconf 82' lang='lat' dir='ltr'><strong>petamus</strong></span> <span class='ocrx_word' id='word_1_215' title='bbox 945 2358 1098 2400; x_wconf 85' lang='lat' dir='ltr'><strong>precibus</strong></span> <span class='ocrx_word' id='word_1_216' title='bbox 1127 2355 1254 2404; x_wconf 91' lang='lat' dir='ltr'><strong>[omnes</strong></span> 
     </span>
     <span class='ocr_line' id='line_1_39' title="bbox 244 2404 1211 2452; baseline 0.004 -16"><span class='ocrx_word' id='word_1_217' title='bbox 244 2404 395 2445; x_wconf 85' lang='lat' dir='ltr'><strong>spiritum</strong></span> <span class='ocrx_word' id='word_1_218' title='bbox 423 2405 515 2438; x_wconf 87' lang='lat' dir='ltr'><strong>illum</strong></span> <span class='ocrx_word' id='word_1_219' title='bbox 947 2404 1058 2452; x_wconf 88' lang='lat' dir='ltr'><strong>nobis]</strong></span> <span class='ocrx_word' id='word_1_220' title='bbox 1083 2416 1211 2440; x_wconf 86' lang='lat' dir='ltr'><strong>oremus</strong></span> 
     </span>
     <span class='ocr_line' id='line_1_40' title="bbox 244 2454 1294 2491; baseline 0.005 -6"><span class='ocrx_word' id='word_1_221' title='bbox 244 2456 391 2486; x_wconf 83' lang='lat' dir='ltr'><strong>sanctum</strong></span> <span class='ocrx_word' id='word_1_222' title='bbox 416 2454 534 2486; x_wconf 84' lang='lat' dir='ltr'><strong>adesse</strong></span> <span class='ocrx_word' id='word_1_223' title='bbox 946 2459 1093 2489; x_wconf 79' lang='lat' dir='ltr'><strong>nostrum</strong></span> <span class='ocrx_word' id='word_1_224' title='bbox 1119 2461 1294 2491; x_wconf 72' lang='lat' dir='ltr'><strong>auctorem.</strong></span> 
     </span>
    </p>
   </div>
   <div class='ocr_carea' id='block_1_8' title="bbox 1268 2513 1311 2542">
    <p class='ocr_par' dir='ltr' id='par_1_12' title="bbox 1268 2513 1311 2542">
     <span class='ocr_line' id='line_1_41' title="bbox 1268 2513 1311 2542; baseline 0 -13"><span class='ocrx_word' id='word_1_225' title='bbox 1268 2513 1311 2542; x_wconf 77' lang='lat'><strong>3*</strong></span> 
     </span>
    </p>
   </div>
  </div>
 </body>
</html>
