1656 2690
218 227 282 261 3a.
307 227 455 261 Tandem
481 239 541 271 per
562 233 753 265 miraculum

308 277 478 310 Venerunt
503 280 545 312 ad
571 281 739 326 tumulum,

354 325 393 357 In
420 335 482 367 quo
510 328 619 361 iacent

217 402 280 435 4a.
308 402 425 447 Semel,
453 404 503 437 bis
530 407 563 437 et
586 406 704 438 iterum

306 451 404 484 Venit
430 453 474 485 ad
498 454 728 495 presbyterum

352 499 534 534 Lucianum

275 601 280 608 .
310 577 370 610 His
396 579 518 612 auditis
544 581 729 622 presbyter,

304 625 490 667 Episcopus
515 629 651 669 pariter,

305 675 391 708 Tota
415 684 494 716 gens
519 677 671 709 similiter

356 722 494 756 Sanctos
520 727 690 766 quaerunt.

217 800 280 834 6a.
308 800 334 833 O
360 803 497 843 martyr,
523 811 668 842 propera

306 848 493 891 Delensque
518 851 645 883 scelera

355 897 487 930 Nostris
514 908 572 931 nos
597 898 701 939 culpis

403 955 554 979 GXOUOI'a.

787 136 856 172 265

920 236 982 270 3b.

918 409 979 444 4b.

920 803 979 838 Gb.

1010 236 1182 269 consortes
1208 233 1370 276 martyrii,

1007 284 1191 325 Stephanus
1218 286 1251 315 et
1275 281 1363 324 socii,

1056 332 1117 372 Qui
1142 332 1191 364 sie
1214 333 1339 372 patent.

1008 409 1167 442 Gamaliel
1193 409 1341 440 nuntius:

1007 458 1091 497 Quid
1116 466 1175 489 nos
1201 457 1286 489 celas
1310 453 1474 496 amplius?

1055 506 1129 538 Non
1155 507 1204 536 est
1230 514 1354 537 sanum.

1007 581 1135 614 Inventi
1160 581 1325 614 miraculis

1008 629 1188 663 Coruscant
1211 630 1245 662 in
1270 629 1398 670 populis

1006 679 1068 718 Qui
1091 677 1253 710 mentibus
1278 678 1401 710 sedulis

1055 725 1255 759 Adfuerunt.

1006 803 1057 836 Tu
1081 802 1175 835 nobis
1200 811 1311 835 resera

1008 851 1177 884 Caelorum
1203 860 1338 882 munera

1055 899 1107 932 Ab
1133 899 1220 931 omni
1245 899 1331 931 malo

1104 956 1163 980 nos
1187 947 1302 981 libera.

286 1022 370 1050 Miss.
400 1032 454 1051 ms.
475 1023 696 1060 Bambergense
716 1032 792 1052 saec.
817 1021 861 1051 15.
903 1024 974 1052 God.
998 1025 1137 1052 Rossian.
1159 1024 1233 1051 VIH
1253 1021 1319 1052 232.
1341 1024 1374 1051 A.
1405 1039 1438 1043 —
1466 1024 1549 1051 Miss.

208 1060 356 1089 Remense
382 1062 454 1098 imp.
482 1062 583 1090 Remis
613 1059 697 1090 1553.
717 1063 751 1090 B.
780 1077 819 1081 —
847 1060 900 1096 21),
924 1061 938 1090 1
968 1065 1037 1098 post
1062 1062 1138 1091 fehlt
1158 1063 1194 1090 A.
1223 1078 1256 1082 —
1285 1060 1339 1096 21),
1361 1061 1379 1090 2
1410 1063 1549 1091 Gentium

208 1100 348 1127 notitiam
369 1100 403 1127 A.
436 1116 473 1120 —-
499 1098 551 1135 3a,
574 1099 592 1128 2
615 1101 744 1128 Venitur
763 1101 797 1129 B.
826 1116 864 1120 —
891 1099 943 1136 312,
964 1101 983 1129 2
1004 1102 1150 1138 Stephani
1171 1101 1206 1128 A.
1228 1116 1236 1117 κ
1260 1116 1265 1117 ⁷
1285 1100 1336 1136 4a,
1362 1100 1376 1129 1
1399 1101 1438 1130 Se
1459 1102 1550 1129 semel

208 1139 242 1166 A.
264 1153 303 1157 --
325 1137 380 1172 5b,
404 1137 418 1166 1
442 1139 578 1167 Inventis
599 1141 633 1168 A.
656 1154 693 1158 -
714 1138 766 1175 5b,
788 1137 806 1168 3
830 1140 945 1174 Quibus
967 1141 1000 1168 A.
1022 1157 1060 1161 —
1082 1138 1136 1174 6a,
1158 1138 1177 1167 2
1200 1148 1258 1176 que
1277 1139 1352 1167 fehlt
1371 1140 1405 1168 A.

639 1242 711 1275 306.
742 1243 786 1274 De
806 1243 916 1275 sancto
939 1243 1118 1276 Swithuno.

697 1315 728 1349 1.
756 1315 882 1347 Psallat
909 1316 1058 1357 ecclesia,

754 1365 859 1396 mater
886 1365 1015 1405 deeora,

218 1439 278 1472 22.
305 1438 419 1471 Mente
446 1440 562 1472 devota

305 1490 338 1519 et
363 1496 444 1520 voce
469 1497 612 1521 consona

303 1535 446 1569 Domino
470 1537 527 1578 pia

303 1588 459 1627 personet
484 1594 615 1627 organa.

304 1663 465 1696 Recolens
491 1664 663 1697 sollemnia

304 1714 403 1753 atque
429 1710 514 1744 festa

305 1760 372 1792 diei
397 1761 527 1804 gaudia,

217 1664 278 1697 3a.

217 1840 282 1874 4a.
309 1838 510 1880 Evangeliea

302 1887 437 1921 radians

303 1936 411 1978 gratia
435 1939 473 1969 ut
497 1937 624 1978 lampas

302 1985 490 2026 splendida.

303 2062 435 2097 Semina
459 2065 553 2098 verbi
577 2065 692 2099 sancta

304 2115 338 2145 et
363 2113 524 2146 catholica

214 2066 275 2097 5a.

303 2192 443 2225 Talenta
467 2191 531 2224 sibi
558 2191 685 2224 eredita

303 2250 323 2273 a
348 2243 444 2282 patre
470 2239 614 2273 familias

214 2193 274 2225 6a.

213 2320 231 2352 7
245 2329 276 2354 a.
302 2319 425 2352 Plenus
451 2319 614 2362 sapientia

299 2368 434 2401 millena

299 2417 480 2450 animarum

303 2465 373 2498 Deo
399 2466 546 2500 lucratur
572 2465 711 2507 agmina.

921 1442 981 1475 2b.

918 1840 980 1874 4b.

917 2064 978 2099 5b.

918 2191 977 2226 csb.

917 2319 977 2353 7b.

1010 1442 1140 1474 Laudes
1167 1441 1294 1473 cantica

1007 1490 1148 1523 iubilans
1173 1490 1351 1532 persolvat,

1009 1539 1116 1571 cordis
1144 1538 1253 1570 dulcia

1007 1586 1128 1620 feriens
1153 1589 1320 1627 tympana,

1009 1664 1193 1697 Swithunus
1216 1665 1250 1696 in
1274 1673 1337 1705 qua
1362 1665 1429 1697 alta

1006 1714 1111 1746 laetus
1138 1713 1268 1745 scandit

1008 1763 1170 1795 caelorum
1198 1761 1346 1804 culmina,

1008 1840 1124 1873 Noctis
1150 1839 1302 1871 tenebras

1007 1888 1135 1930 effugat,

1006 1938 1126 1970 erroris
1151 1938 1299 1977 amputat

1005 1985 1172 2019 scandala.

1005 2066 1070 2098 Per
1094 2064 1288 2105 populorum
1314 2073 1393 2097 arva

1005 2113 1076 2146 Deo
1100 2112 1248 2147 seminat.

1004 2191 1208 2233 Multiplicat
1233 2194 1265 2224 et
1287 2196 1478 2233 augmentat

1004 2241 1111 2273 usuris
1140 2240 1312 2275 dominica.

1005 2320 1089 2354 Oves
1115 2319 1177 2352 sibi
1204 2320 1346 2353 ereditas

1005 2369 1116 2401 divina

1004 2427 1064 2460 per
1089 2426 1211 2458 pascua

1005 2469 1118 2507 pastor
1143 2467 1283 2508 pervigil
1308 2467 1435 2501 educat.
