1656 2690
704 148 752 152 ...
802 129 848 165 53
900 149 946 155 -.

611 221 661 254 50.
691 222 728 254 In
747 222 924 256 Nativitate
943 224 1033 256 BMV.

164 284 226 320 la,
253 283 332 316 Flos
360 284 401 316 de
426 284 522 325 spina
545 287 748 327 procreatur,
866 286 925 320 lb.
953 287 1031 320 Flos
1055 288 1205 327 mundus,
1231 286 1290 320 flos
1316 286 1491 331 speciosus,

252 332 343 374 Flos,
370 334 424 373 qui
450 333 548 365 nullis
574 336 747 374 asperatur
951 336 1029 369 Flos
1055 345 1167 377 purus,
1194 335 1254 369 flos
1278 336 1453 376 pretiosus,

253 381 373 422 Spinis,
401 382 460 414 sed
486 382 541 423 qui
566 384 759 414 venustatur
953 385 1068 417 Suavis
1096 388 1126 417 et
1153 385 1302 425 copiosus

301 429 451 462 Candore
477 430 665 470 purissimo.
1002 432 1145 466 Nectare
1172 433 1367 465 dulcissimo.

164 500 225 532 2a.
250 497 351 538 Spina
376 496 435 530 fuit
465 498 691 532 Hebraeorum
865 499 925 533 2b.
952 499 1063 532 David
1089 510 1148 533 rex
1172 501 1304 533 inclitus
1331 499 1403 540 fuit,

250 546 408 586 Populus,
435 556 475 580 ex
503 555 600 579 carne
625 555 761 587 quorum
953 548 1050 581 Cuius
1078 549 1173 581 radix
1201 549 1348 581 exhibuit

252 594 318 628 Sed
345 603 385 627 ex
412 596 516 636 stirpe
538 595 708 627 meliorum
951 595 1082 628 Florem
1108 597 1217 638 istum,
1243 599 1280 628 ut
1307 596 1416 629 decuit

297 643 377 676 Flos
402 644 506 676 traxit
531 644 698 685 originem.
999 644 1080 676 Tam
1097 645 1303 685 praeclaram
1321 644 1491 685 virginem.

160 713 221 745 32.
250 711 352 750 Quam
378 709 502 753 figurae
529 712 750 752 signaverunt,
862 710 924 744 3b.
953 711 1003 744 Sit
1028 712 1143 751 procul
1168 711 1358 754 infidelitas,

248 759 349 798 Quam
357 760 539 799 prophetae
546 759 791 799 praedixerunt,
949 759 1071 792 Iubilet
1095 761 1213 792 mentis
1238 760 1376 800 puritas,

247 807 318 840 Lex
345 809 376 839 et
402 807 520 848 psalmi
547 807 745 848 cecinerunt,
949 808 1033 840 Nam
1059 807 1188 840 Mariae
1213 809 1370 840 nativitas

296 856 371 889 Hac
395 855 428 887 in
457 856 510 889 die
536 856 691 888 nascitur.
997 855 1106 888 Hodie
1132 856 1298 890 recolitur.

156 926 217 957 4a.
245 922 336 955 Haec
362 925 412 955 est
436 924 529 965 virga
554 923 666 963 stirpis
692 922 777 965 piae,
858 923 919 957 4b.
946 924 1043 957 Mons
1068 933 1087 955 a
1113 924 1252 957 Daniele
1277 925 1375 965 visus,

246 971 348 1004 Porta
375 971 494 1014 clausa,
522 973 594 1005 laus
618 971 763 1012 sophiae,
946 972 998 1004 De
1023 981 1084 1013 quo
1109 973 1194 1013 lapis
1221 976 1271 1005 est
1296 973 1435 1013 excisuS‚

246 1020 340 1052 Haec
362 1022 411 1052 est
436 1021 550 1053 sibilus
577 1020 683 1060 Eliae,
947 1020 1108 1053 Emanuel
1133 1022 1303 1061 indivisus,

296 1069 348 1101 lbi
373 1077 490 1110 nempe
517 1069 685 1102 Dominus,
995 1069 1059 1101 Per
1077 1078 1169 1110 quem
1189 1071 1303 1102 mortis
1319 1070 1489 1104 terminus,

159 1139 218 1171 5a.
247 1136 339 1168 Haec
365 1138 415 1169 est
438 1137 559 1169 nebula
583 1135 752 1177 festinanS,
861 1137 919 1170 5b.
946 1137 1035 1169 Fons
1061 1146 1216 1177 aquarum
1242 1138 1430 1178 viventium,

245 1185 410 1218 Universa
434 1185 647 1225 medicinanS,
946 1185 1034 1217 Fons
1060 1185 1228 1219 hortorum
1256 1185 1423 1226 fertilium,

245 1234 342 1265 Vitae
365 1234 514 1273 praemia
536 1233 715 1273 propinans
946 1233 1103 1266 Nutriens
1130 1244 1237 1275 regem
1265 1235 1406 1267 omnium

290 1281 330 1314 In
355 1285 453 1322 partu
479 1290 651 1322 puerpera.
993 1282 1156 1324 Virginali
1182 1283 1293 1317 ubere.

155 1351 218 1384 6a.
244 1349 336 1382 Haec
363 1352 413 1383 est
437 1351 561 1383 nardus
584 1350 739 1390 pretiosa,
856 1348 915 1384 6b,
945 1350 1005 1390 Qui
1032 1358 1090 1382 nos
1117 1351 1205 1384 vitae
1232 1351 1303 1383 cibo
1329 1351 1432 1391 pavit,

241 1398 334 1431 Haec
358 1402 407 1431 est
432 1399 507 1431 vitis
535 1407 702 1440 generosa,
943 1398 985 1431 Se
1009 1399 1044 1431 in
1069 1403 1181 1439 potum
1208 1399 1398 1440 propinavit

241 1447 333 1480 Haec
359 1449 409 1479 est
430 1448 554 1481 Rachel
582 1447 732 1488 speciosa
943 1447 1030 1488 Vita,
1056 1451 1162 1481 morte
1186 1451 1322 1481 mortem
1349 1452 1468 1482 stravit

288 1497 409 1529 Verum
435 1496 552 1537 Ioseph
581 1496 722 1536 pariens,
992 1496 1056 1528 Pro
1080 1496 1210 1529 iniustis
1233 1497 1386 1529 moriens.

154 1567 212 1599 7a.
241 1564 266 1598 Ο
292 1563 420 1607 Noemi,
447 1565 475 1597 si
498 1564 655 1605 novisses,
858 1563 918 1597 7b.
946 1564 1139 1604 Progeniem
1165 1564 1311 1597 siluisses

239 1612 274 1645 Si
300 1611 448 1653 perfecte
475 1613 658 1652 didicisses,
941 1612 1011 1644 Nec
1036 1612 1178 1645 reditum
1204 1613 1361 1646 suasisses

240 1661 332 1701 Quod
357 1670 396 1693 ex
422 1665 479 1694 tua
506 1662 672 1694 debuisses
941 1661 1074 1693 Totiens
1098 1671 1159 1694 nec
1182 1662 1364 1695 intulisses:

286 1710 374 1743 Ruth
402 1711 499 1743 talem
527 1711 688 1751 accipere,
987 1709 1086 1751 Filia,
1113 1713 1289 1743 revertere.

151 1779 212 1812 Sa.
242 1778 331 1811 Ruth
356 1779 476 1811 meruit
500 1781 606 1811 mater
632 1786 702 1810 esse
853 1778 913 1812 8b.
942 1777 1024 1811 Cum
1048 1778 1082 1809 in
1108 1781 1201 1811 utero
1226 1778 1355 1811 Mariae

238 1827 355 1867 Obeth,
383 1827 437 1867 qui
464 1827 575 1868 genuit
600 1828 698 1869 Iesse,
937 1828 1035 1861 quta
1058 1835 1155 1859 voces
1181 1827 1374 1869 prophetiae

236 1876 298 1916 Qui
322 1875 443 1918 David,
473 1876 562 1908 cuius
587 1876 683 1908 sedes
709 1883 744 1907 se
938 1876 1055 1915 Isaiae,
1082 1873 1243 1908 Ieremiae

284 1924 400 1957 Semen
428 1925 517 1958 Deus
543 1924 668 1965 habuit,
986 1923 1129 1957 Verbum
1155 1933 1285 1957 carnem
1310 1925 1426 1959 induit.

145 1994 201 2028 9a.
232 1994 330 2034 Virgo
355 2003 513 2027 summum
542 1996 720 2026 creatorem
847 1992 906 2026 9b.
935 1992 1034 2032 Quem
1066 2001 1183 2034 capere
1208 1993 1424 2034 nequiverunt

234 2042 473 2085 Hominumque
498 2044 737 2083 redemptorem
937 2041 1040 2084 Caeli,
1069 2041 1213 2075 claustra
1238 2043 1469 2077 concluserunt

233 2091 333 2124 Suum
358 2094 461 2125 traxit
485 2093 519 2125 in
546 2100 687 2125 amorem
934 2090 1079 2131 Virginis
1106 2094 1138 2123 et
1164 2095 1384 2132 conceperunt

280 2141 381 2174 Casta
405 2141 668 2183 pulch1itudine3
984 2139 1062 2172 Sine
1087 2140 1150 2173 viri
1175 2141 1307 2174 semine.

134 2209 179 2242 10
191 2218 221 2241 a.
234 2208 357 2241 Norma
382 2218 518 2250 morum,
547 2219 565 2242 o
590 2209 709 2252 Maria,
837 2208 921 2243 10b.
933 2209 998 2241 Per
1023 2208 1228 2242 nativitatem
1254 2211 1344 2241 tuam

232 2258 315 2299 Spes
341 2258 519 2300 lapsorum,
546 2259 633 2292 vitae
658 2259 725 2302 via,
932 2257 1029 2290 Dona
1054 2258 1149 2290 nobis
1176 2258 1360 2290 continuam

232 2307 334 2340 Placa
358 2307 463 2340 Deum
489 2316 587 2348 prece
607 2308 662 2348 pia
932 2306 1110 2341 Caritatem
1137 2309 1169 2339 et
1193 2310 1339 2340 mutuam

280 2355 383 2389 Nobis
410 2357 649 2398 peccatoribus.
979 2355 1100 2388 Pacem
1126 2358 1159 2388 te
1183 2356 1408 2389 laudantibus.

213 2423 294 2451 Orat.
317 2427 347 2451 et
366 2423 509 2462 Sequent.
532 2433 585 2452 ms.
609 2424 775 2461 Campense
796 2427 868 2453 anni
890 2421 973 2453 1462.
1010 2422 1084 2451 Ood.
1106 2423 1329 2451 Darmst-adieu.
1351 2420 1417 2451 521.
1438 2438 1478 2444 —

132 2460 187 2497 212,
208 2461 228 2490 4
247 2463 306 2491 Dei
326 2464 484 2499 virginem.
506 2479 543 2483 —
564 2462 618 2498 5b,
638 2462 659 2492 4
678 2464 811 2493 verbere.
846 2480 871 2484 ·—
893 2462 964 2497 lob,
985 2461 1004 2490 2
1026 2463 1083 2491 Da.
