1656 2690
723 132 988 168 —127—

262 225 382 254 Prosar.
408 237 463 256 ms.
488 229 731 258 Praedicatorum
759 237 835 257 saec.
859 227 904 257 15.
945 229 1016 258 eod.
1038 230 1231 265 Andegaven.
1251 227 1299 257 90.
1321 230 1354 257 Α.
1374 246 1414 250 -
1435 230 1522 258 Miss.

185 273 238 292 ms.
264 265 420 295 Aeduense
445 275 521 295 saec.
546 266 590 295 15.
633 267 704 296 Cod.
734 267 844 296 Semin.
865 269 996 296 Aeduen.
1021 277 1044 296 s.
1065 278 1094 296 n.
1115 266 1202 303 (125).
1224 269 1256 297 B.
1286 283 1325 287 —
1355 269 1439 296 Miss.
1467 277 1522 297 ms.

185 301 214 330 S.
236 303 384 332 Maturini
403 305 536 334 Parisini
563 309 635 335 anni
658 303 740 334 1510.
783 306 854 334 Cod.
875 308 1019 335 Mazarin.
1040 305 1099 336 430
1118 304 1204 341 (233).
1228 307 1259 335 O.
1290 322 1327 326 —
1356 307 1445 335 Grati.
1468 316 1521 335 ms.

184 340 399 371 Strahoviense
420 353 497 372 saec.
522 343 565 373 16.
602 345 672 374 God.
694 344 884 373 Strahovien.
902 346 951 374 Ηο
971 344 995 373 1.
1011 346 1048 374 D.
1070 361 1108 367 —-
1128 346 1211 373 Miss
1229 346 1429 374 Gabilonense
1449 348 1521 383 imp.

182 380 325 417 Lugduni
358 380 441 410 1500.
470 384 505 411 Ε.
540 399 578 404 —
609 385 694 412 Miss.
727 384 895 412 Romanum
925 386 996 419 imp.
1029 385 1157 413 Parisiis
1190 382 1273 413 1523.
1306 385 1337 413 F.
1386 402 1395 405 -
1437 385 1522 413 Miss.

182 420 352 448 Romanum
378 418 636 460 [Franciscanum]
661 423 732 459 imp.
754 422 894 459 Lugduni
919 421 1002 452 1535.
1023 423 1057 452 G.
1090 438 1123 443 —·—
1149 423 1232 451 Miss.
1255 423 1427 452 Senonense
1448 425 1519 460 imp.

182 458 311 487 Parisiis
334 457 417 488 1543.
440 461 478 488 H.
498 477 537 480 —
559 459 610 495 1b‚
629 460 642 489 1
665 469 793 488 marmor
814 461 897 489 volat
915 462 958 494 A;
979 463 1044 489 axis
1067 463 1102 498 03
1125 463 1206 490 saxis
1221 463 1259 490 D.
1282 478 1317 482 —
1341 460 1392 496 1b‚
1408 461 1426 489 2
1447 472 1518 490 suus

183 496 220 524 D.
242 512 280 516 -
302 496 353 532 1b‚
368 495 386 526 3
409 508 486 536 quae
499 500 564 535 FG3
589 501 640 537 qui
655 499 716 528 BE.
738 514 776 518 —
801 498 852 537 ll),
867 499 887 528 4
901 501 1066 528 Haeresum
1080 502 1114 529 A.
1137 515 1174 519 —
1195 499 1245 535 Za,
1263 499 1278 528 1
1293 501 1369 528 Eam
1386 501 1521 529 Christus

182 535 216 562 A.
245 551 283 555 —
314 534 362 572 2a,
385 535 403 564 2
427 538 470 566 Et
492 539 567 567 fehlt
587 539 627 575 B3
656 539 786 566 vinculis
806 539 950 567 ABCDE.
984 554 1019 558 —
1050 537 1104 574 21³,
1129 537 1144 566 1
1164 540 1255 567 Teste
1275 539 1334 568 FG.
1361 554 1400 559 —-
1430 538 1480 573 2b.
1503 539 1523 568 4

181 576 275 602 sentit
288 575 408 604 EFGH.
434 592 462 596 -
490 575 544 614 3b‚
561 576 575 605 1
598 577 755 613 Supplicat
774 580 804 605 te
824 577 931 606 chorus
945 577 1006 606 FG.
1030 593 1064 597 —
1087 576 1139 611 3b,
1155 575 1173 605 3
1186 579 1279 606 Nasci
1294 579 1381 606 nobis
1398 579 1522 606 ediscite

181 613 218 640 D.
241 628 278 632 -—
298 614 430 644 Melodie
451 616 598 645 offenbar:
633 616 792 644 Verbum
813 616 954 644 bonum.

627 709 687 742 138.
719 709 763 740 De
784 710 897 741 saneta
916 709 1074 742 Barbara.

215 778 273 811 la.
302 776 420 821 Magna
445 790 589 814 summae
613 780 764 820 trinitati,
888 781 948 814 1b.

302 828 368 861 Uni
395 829 453 861 sed
481 829 654 872 divinitati,

352 876 469 909 Exstet
495 878 566 910 laus
592 887 652 918 per
670 877 817 920 saecula3

213 944 274 976 2a.
303 941 411 978 Testis
438 945 527 977 cuius
554 946 644 987 virgo
667 945 722 985 pia
885 945 944 978 2b.

304 993 425 1024 Acrum
451 996 560 1026 tranat
585 996 682 1026 nacta
708 994 763 1026 dia

353 1040 502 1074 Barbara
526 1042 727 1083 martyrium.

213 1109 272 1141 3a.
301 1105 372 1142 Ista
396 1110 499 1152 virgo,
526 1109 750 1150 praeformosa
884 1109 946 1144 3b.

303 1156 413 1200 Vultu,
441 1157 506 1190 fide
530 1158 684 1195 virtuosa,

351 1207 438 1237 Actu
463 1209 575 1238 sancto
601 1206 728 1240 claruit.

210 1274 272 1305 4a.
298 1268 427 1307 Struxit
453 1274 551 1306 altam
578 1283 695 1315 parens
722 1274 784 1306 sibi
878 1274 940 1307 410.

301 1321 442 1366 Turrim,
469 1326 506 1354 ut
530 1325 674 1355 moretur
698 1322 744 1354 ibi

348 1369 469 1403 Forma
495 1374 623 1412 compta
648 1371 757 1405 nimia.

212 1439 272 1470 50..
301 1435 403 1481 Unus,
429 1439 544 1480 inquit,
570 1442 685 1471 cuncta
710 1439 795 1479 regit
881 1439 940 1472 512.

297 1486 394 1525 Deus,
422 1487 499 1519 deos
525 1497 617 1520 sacro
643 1486 740 1528 fregit

347 1535 478 1568 Patrios
504 1536 619 1577 litigio.

210 1603 271 1636 6a.
297 1600 391 1637 Latet
417 1604 521 1645 virgo,
548 1605 607 1637 sed
633 1604 802 1645 prodentis
880 1604 941 1637 6b.

298 1651 394 1684 Hanc
407 1653 553 1685 locustae
562 1662 640 1694 grex
650 1654 814 1692 pascentis

345 1700 458 1733 Ovium
486 1700 525 1733 fit
548 1702 666 1733 verius.

211 1770 271 1801 7a.
297 1765 364 1802 Ast
389 1768 555 1809 praefecto
581 1770 803 1810 praesentavit
879 1770 936 1804 7b.

296 1817 396 1850 Pater
419 1820 540 1860 natam,
566 1816 727 1859 flagitavit

351 1867 459 1899 Poena
484 1867 589 1907 premi
614 1867 717 1899 varia.

206 1935 265 1967 Sa.
294 1931 410 1968 Insons
436 1935 527 1976 virgo
554 1936 612 1968 hos
637 1935 764 1974 irridet,
877 1935 935 1968 8b.

295 1984 431 2017 Praeses
439 1982 558 2028 fremit,
567 1983 706 2028 frendet,
716 1984 834 2017 stridet

345 2032 389 2065 Ut
415 2034 560 2065 exsensis
588 2032 756 2072 (lentibus3

202 2102 263 2134 921.
292 2097 410 2141 Minae,
439 2110 552 2134 carcer
577 2110 638 2134 nec
663 2110 775 2133 assura
877 2101 936 2134 9b.

294 2149 445 2182 Membra
458 2159 562 2191 neque
574 2158 719 2191 quaeque
731 2150 811 2182 dura

340 2199 484 2231 Vincunt
509 2199 661 2240 pueritia.

180 2268 225 2301 10
236 2277 265 2300 a.
294 2264 418 2303 'Baetra
442 2271 569 2309 patrem
596 2269 638 2301 tis
665 2276 797 2308 averna,
851 2266 934 2301 iob.

290 2317 399 2358 Virgo,
429 2320 564 2360 terrent,
592 2317 650 2350 sed
669 2325 812 2357 superna

339 2366 411 2398 Tibi
439 2367 525 2399 lucet
551 2367 674 2407 gloria3

973 778 1076 815 Astra
1101 781 1169 821 poli
1195 790 1289 821 quam
1315 782 1465 824 adorant,

972 829 1093 861 Plausu
1120 829 1253 861 laudant
1281 833 1313 861 et
1328 830 1491 862 honorant

1022 877 1100 911 Cum
1129 877 1249 911 Christi
1274 878 1456 918 plebecula.

972 942 1063 979 Haec
1087 947 1164 978 sunt
1187 945 1271 977 enim
1299 945 1367 977 eius
1394 944 1488 983 festa,

974 994 1096 1034 Quibus
1115 994 1244 1026 scandit
1261 997 1336 1034 post
1352 994 1490 1026 molesta

1018 1042 1113 1075 Felix
1139 1042 1181 1074 ad
1209 1042 1400 1083 empyrium.

972 1107 1080 1144 Atrox
1106 1111 1200 1149 pater
1225 1110 1320 1142 huius
1347 1110 1477 1150 quidem

971 1158 1076 1190 Dios
1103 1160 1153 1189 est
1174 1160 1206 1189 et
1231 1167 1374 1198 corus,
1402 1159 1490 1191 idem

1020 1206 1104 1239 Fide
1132 1205 1253 1239 Christi
1280 1207 1393 1239 caruit.

971 1271 1050 1307 Vult
1061 1273 1235 1307 fenestram
1246 1284 1320 1307 mox
1326 1278 1402 1315 post
1410 1275 1518 1308 binam

972 1323 1072 1355 Sacra
1097 1324 1178 1355 lucis
1203 1323 1309 1355 trinae
1334 1324 1454 1356 trinam

1021 1371 1220 1404 Praedicans
1248 1372 1375 1406 eximia.

968 1436 1076 1472 Abdit
1102 1448 1199 1471 saxus
1225 1439 1309 1471 hanc
1335 1439 1375 1471 ab
1401 1440 1452 1472 ira

969 1488 1087 1529 Patris,
1118 1490 1213 1520 vecta
1234 1490 1309 1530 stat,
1338 1497 1376 1520 en
1395 1488 1488 1530 mira,

1017 1536 1140 1569 Montis
1163 1536 1197 1567 in
1223 1535 1363 1577 fastigio.

966 1601 1110 1644 Raptam
1137 1604 1226 1635 crine
1251 1607 1346 1646 pater
1373 1605 1470 1636 ellam

967 1653 1097 1694 Flagris
1106 1654 1238 1693 torquet
1248 1653 1373 1685 addens
1386 1653 1498 1685 cellam

1015 1702 1131 1733 Artam
1157 1701 1233 1732 hinc
1259 1702 1414 1736 severius,

965 1766 1101 1803 Mandat
1125 1777 1257 1809 praeses
1283 1770 1415 1802 adorari

967 1818 1065 1862 Deos,
1091 1819 1126 1850 in
1151 1817 1214 1849 hoc
1237 1818 1360 1850 imitari

1014 1867 1151 1899 Patrum
1177 1867 1387 1907 exemplaria.

962 1932 1073 1969 Artim
1098 1927 1210 1975 flagris
1235 1933 1271 1966 fit
1297 1935 1422 1976 punita,

963 1983 1073 2016 Tectis
1100 1983 1238 2016 cilicinis
1265 1983 1345 2015 trita

1016 2032 1167 2072 Desuper
1191 2032 1436 2073 stringentibus.

964 2098 1053 2134 Alba
1080 2101 1164 2133 stola
1191 2100 1374 2133 destinatur

969 2150 1011 2182 Et
1039 2159 1058 2182 a
1078 2152 1174 2191 patre
1200 2149 1382 2182 decollatur

1017 2199 1100 2232 Dira
1125 2202 1200 2238 post
1226 2199 1399 2240 supplicia.

962 2264 1060 2301 Illam
1086 2266 1190 2307 nobis,
1220 2266 1275 2300 ubi
1301 2268 1390 2308 quies

967 2317 1090 2357 Perpes
1117 2318 1165 2347 est
1193 2318 1225 2347 et
1249 2316 1337 2348 laeta
1366 2317 1445 2357 dies,

1012 2365 1079 2397 Fer
1104 2367 1180 2406 post
1203 2365 1402 2399 transitoria.

245 2432 333 2461 Grad.
357 2442 411 2461 ms.
433 2434 623 2471 Margaretae
644 2432 805 2461 Scheiffart
826 2432 863 2460 de
875 2433 999 2460 Merode
1014 2441 1092 2460 saec.
1110 2430 1154 2459 15.
1190 2431 1261 2459 Cod.
1282 2432 1360 2460 Mus.
1377 2432 1514 2467 Hungar.

164 2472 278 2501 Pestin.
300 2471 352 2499 lat.
374 2470 440 2500 259.
520 2472 737 2502 Akrostichon:
761 2471 929 2500 Mathias
950 2471 1136 2500 Walrami
1157 2471 1293 2499 Amati.
