1656 2690
709 143 946 178 -68—

176 245 236 277 Sa.
262 242 349 284 Ergo
375 251 434 282 per
457 245 491 274 te
515 242 578 273 iam
604 242 751 281 placatus
861 242 920 276 3b.
947 241 1035 274 Deus
1061 249 1187 281 quoque
1210 239 1392 278 miserator,

258 290 345 322 Deus
370 290 447 322 olim
470 292 664 330 provocatus
947 290 1058 323 Omnis
1082 288 1157 321 boni
1185 288 1400 327 dispensator,

259 337 377 370 Aufert
402 338 494 370 nobis
520 337 692 369 miseratus
949 338 1069 378 Plagae
1090 339 1220 369 nostrae
1244 334 1283 367 fit
1307 335 1439 367 sanator

305 385 500 418 Servitutem
525 386 656 425 lateris;
998 386 1099 426 Plaga
1125 384 1174 416 sui
1199 382 1321 417 lateris.

238 452 323 479 Miss.
353 459 406 478 ms.
433 451 616 487 Hispalense
645 459 721 479 saec.
747 448 822 479 14l15.
864 452 934 480 Cod.
955 451 1046 480 Univ.
1066 452 1191 479 Ianuen.
1212 450 1239 477 A
1258 448 1318 477 VH
1338 446 1365 477 3.
1386 447 1421 475 A.
1454 462 1492 467 —-

158 491 242 519 Miss.
266 498 319 517 ms.
334 490 516 526 Hispalense
539 498 614 518 saec.
640 488 683 517 15.
719 489 789 517 Cod.
812 489 979 518 Columbin.
1001 490 1158 526 Hispalen.
1173 486 1219 524 83,
1237 486 1282 516 15.
1294 488 1328 515 B.
1352 501 1387 505 -
1406 486 1492 514 Miss.

161 538 214 557 ms.
237 528 418 565 Hispalense
443 537 520 557 saec.
544 526 588 556 15.
627 528 696 557 Cod.
720 528 887 556 Columbin.
908 529 1065 564 Hispalen.
1087 526 1133 562 83,
1157 525 1201 555 17.
1218 527 1250 555 C.
1273 540 1309 545 —
1330 527 1414 554 Miss.
1436 533 1492 551 ms.

162 567 345 604 Hispalense
364 575 441 595 saec.
456 565 500 595 15.
536 566 606 595 Cod.
629 566 796 595 Columbin.
818 566 976 603 Hispalen.
998 564 1045 600 85,
1069 564 1114 594 18.
1134 567 1172 594 D.
1192 579 1231 584 —
1245 565 1330 592 Miss.
1352 572 1406 591 ms.
1421 563 1494 591 His-

161 607 283 643 palense
310 614 386 633 saec.
416 604 460 634 15.
502 605 572 633 Cod.
599 605 765 634 Columbin.
792 605 949 641 Hispalen.
980 605 1099 638 Vitrin„
1132 602 1177 632 12.
1197 604 1235 631 Ε.
1257 617 1297 622 -
1314 603 1401 631 Miss.
1421 602 1494 630 His-

161 645 283 681 palense
302 645 372 680 imp.
394 644 516 680 Hispali
537 642 621 672 1507.
642 645 704 672 bis:
726 644 778 672 fol.
802 641 893 672 171b.
914 644 953 679 Ἐς
974 643 1024 671 fol.
1048 641 1102 671 185
1113 651 1139 670 a.
1161 642 1195 671 G.
1218 656 1252 661 —
1269 641 1293 669 F
1308 641 1363 670 hat
1375 650 1432 668 nur
1446 640 1494 668 die

161 683 365 720 Halblrtrophe
387 680 437 711 la.
461 699 498 704 —
520 681 573 716 210,
594 681 614 710 4
634 682 747 710 sordidi
766 683 802 711 G.
822 696 859 701 —
877 683 940 711 Der
952 682 1056 711 Inhalt
1074 682 1126 710 der
1141 680 1278 718 Sequenz
1301 681 1381 716 passi:
1393 680 1493 716 wenig-

161 731 214 750 zur
234 715 429 750 Ubersohrift.
450 737 489 741 —
508 722 639 750 Melodie
660 721 807 750 offenbar:
832 721 992 750 Verbum
1013 721 1147 749 bonum
1168 722 1203 748 et
1224 727 1351 747 suave.

547 815 593 848 66.
625 815 668 846 De
687 814 790 846 Beata
809 814 911 847 Maria
932 814 973 846 ad
993 814 1095 847 Nives.

173 887 190 920 1
204 896 232 919 a.
260 883 326 920 Pro
351 885 488 919 basilica
513 884 623 918 futura
866 887 927 921 ib.
954 883 1129 927 Romanos,
1154 886 1259 917 mater
1284 892 1302 915 0
1331 883 1466 923 Christi,

263 934 356 966 Nivis
382 935 441 967 sub
468 933 583 976 forma,
609 937 645 965 tu
669 943 760 977 pura,
954 934 1109 974 Stupidos
1132 933 1231 973 plane
1256 930 1375 974 fecisti,

313 981 445 1023 Locum,
473 982 573 1023 virgo,
603 982 755 1021 deputas;
1001 982 1074 1014 Hoc
1108 980 1195 1012 facto
1222 988 1292 1011 cum
1319 980 1492 1020 promicaS.

171 1051 230 1082 Za.
256 1047 281 1083 Ο
309 1058 404 1089 quam
429 1049 547 1082 fertilis
569 1049 623 1080 hic
646 1051 747 1089 actus,
865 1050 925 1083 2b.
954 1047 1039 1084 Civis
1066 1047 1202 1080 Romani
1227 1046 1350 1087 uxoris,

263 1098 328 1130 Per
354 1106 448 1137 quam
470 1097 591 1129 sterilis
617 1098 667 1128 est
682 1099 797 1128 nactus
953 1096 1085 1131 Patricii
1112 1094 1308 1136 pulchrioris

307 1145 436 1178 Prolem
462 1147 575 1178 venter
601 1143 751 1186 feminae,
1003 1145 1096 1177 Novo
1124 1144 1200 1176 dato
1224 1142 1364 1175 semine!

171 1214 230 1248 3a.
262 1210 399 1246 Ostenso
425 1212 488 1244 sibi
513 1213 547 1244 in
573 1214 646 1245 loco
863 1214 923 1247 3b.
952 1211 1033 1247 Piae
1053 1212 1167 1244 matris
1193 1211 1227 1242 in
1255 1210 1411 1244 honorem

259 1260 319 1293 Vir
344 1261 531 1300 praeclarus
557 1260 615 1292 sub
644 1261 760 1293 devoto
951 1260 1119 1293 Fundavit
1145 1258 1385 1291 sollemniorem

309 1308 415 1341 Corde
440 1308 564 1340 cunctis
589 1309 736 1341 inclitam
1000 1309 1160 1341 Iohannes
1186 1306 1371 1341 basilicam.

171 1377 233 1409 4a.
261 1373 346 1409 Inde
370 1384 467 1416 papa,
495 1376 676 1407 cardinales
862 1377 924 1410 4b.
950 1373 1075 1410 Ueniae
1098 1384 1185 1415 papa
1210 1383 1287 1406 mox
1312 1375 1437 1407 cunctis

259 1423 445 1456 Structuras
469 1424 562 1456 aulae
586 1424 691 1455 reales
953 1423 1100 1457 Gratiam
1127 1422 1264 1455 contulit
1289 1422 1409 1455 iunctis

306 1471 509 1504 Dedicarunt
533 1472 667 1516 laetius3
999 1472 1105 1505 Aulae
1131 1473 1212 1503 tunc
1237 1469 1428 1510 perfectius,

175 1541 236 1573 5a.
264 1536 396 1573 Summo
423 1539 574 1573 dedicata
599 1548 689 1571 more
865 1540 924 1575 5b.
949 1537 1083 1574 Festum
1109 1538 1195 1579 cepit
1220 1538 1394 1579 singulare,

261 1587 442 1620 Genetricis
465 1588 500 1619 in
523 1587 647 1619 honore
960 1589 1061 1621 Iussit
1083 1596 1170 1628 papa
1194 1587 1399 1627 proclamare

307 1636 385 1675 Ipsa
407 1639 485 1668 tunc
509 1635 646 1668 basilica
833 1659 853 1675 4
1004 1637 1091 1668 Voce
1117 1635 1202 1676 quod
1227 1634 1378 1669 almifica.

175 1705 234 1738 6a.
261 1699 334 1743 Eia,
360 1702 437 1735 boni
460 1712 521 1743 per
547 1704 739 1747 exemplum,
866 1705 924 1738 6b.
951 1702 1070 1738 Confer
1095 1703 1198 1747 nobis,
1232 1711 1357 1744 gemma
1383 1713 1475 1744 pura,

261 1752 346 1783 Vere
373 1751 503 1785 deitatis
528 1752 694 1793 templum,
953 1753 1004 1785 Tu
1018 1751 1076 1785 flos
1089 1751 1215 1791 florum,
1230 1754 1306 1791 post
1316 1751 1399 1784 haec
1414 1752 1497 1784 dura

310 1800 375 1832 Ars
402 1809 479 1833 vera
499 1800 686 1843 sophistica,
1004 1801 1108 1840 Dona,
1135 1802 1249 1842 mater,
1276 1801 1425 1841 mystica.

239 1876 328 1904 Grad.
350 1884 404 1903 ms.
426 1876 602 1904 Pelsinense
622 1878 693 1904 armi
708 1874 792 1904 1491.
829 1876 900 1905 cod.
915 1878 992 1905 Mus.
1009 1877 1128 1904 Bohem.
1142 1876 1268 1912 Pragen.
1283 1875 1344 1903 ΧΠ
1357 1875 1384 1903 Α
1397 1874 1444 1903 20.
1457 1890 1497 1894 —

169 1913 221 1947 lb,
243 1914 260 1942 ὅ
281 1915 358 1942 facto
379 1917 458 1943 tune.
480 1931 517 1934 —
536 1912 589 1948 2a,
611 1913 628 1941 2
649 1918 745 1943 natus.
766 1929 805 1934 —
826 1913 876 1951 2a,
899 1914 916 1943 3
936 1916 1036 1943 Prole.
1057 1929 1093 1933 —
1116 1913 1167 1949 5b,
1192 1913 1206 1941 1
1228 1914 1319 1948 capit.
1342 1929 1382 1933 —
1404 1913 1456 1949 6b,
1479 1912 1498 1942 3

165 1954 224 1981 Mit
244 1953 296 1981 der
310 1953 393 1981 Silbe
414 1963 476 1989 my·
498 1953 586 1981 endet
605 1954 659 1981 das
673 1954 763 1987 Blatt,
784 1953 837 1981 das
857 1954 996 1991 folgende
1009 1953 1093 1981 Blatt
1112 1954 1153 1980 ist
1165 1953 1375 1988 weggerissen.
1410 1953 1497 1981 Nach

164 1993 300 2020 Ausweis
323 1992 374 2019 des
394 1991 612 2020 Akrostichons
635 1992 864 2029 „Procopius
885 1989 1023 2028 fec[it]“
1045 1991 1145 2019 fehlen
1165 1991 1347 2020 mindestens
1368 1990 1386 2019 2
1402 1992 1497 2020 Halb—

167 2031 321 2067 strophen3
342 2031 421 2058 nach
442 2031 493 2058 der
505 2030 637 2059 Melodie
659 2030 803 2067 „Gaude
823 2030 913 2059 Sion
936 2030 1033 2067 quod
1055 2039 1205 2066 egressu
1215 2027 1248 2057 s“
1271 2033 1410 2059 erwartet
1428 2039 1499 2059 man

163 2069 241 2097 noch
260 2068 280 2097 4
300 2069 534 2106 Halbstrophen.

568 2162 613 2194 67.
644 2161 679 2193 In
699 2161 850 2193 honorem
868 2162 902 2193 B.
922 2160 1043 2193 Mariae
1063 2161 1100 2193 V.

542 2233 603 2264 pro
628 2222 819 2255 mulieribus
845 2223 1108 2265 praegnantibus.

176 2315 205 2348 1.
234 2313 260 2345 Ο
287 2310 407 2344 ancilla
432 2310 564 2353 Christi,
932 2310 974 2342 ad
1001 2313 1035 2342 te
1060 2319 1136 2343 vere
1160 2311 1377 2352 suspirantem

236 2360 354 2400 Maria,
382 2363 486 2393 mater
514 2359 584 2400 Dei,
933 2368 975 2390 ne
998 2364 1137 2390 matrum
1162 2359 1197 2391 in
1221 2363 1315 2392 utero

238 2416 415 2452 pauperem
441 2407 559 2441 exaudi
933 2407 1161 2448 periclitentur

239 2460 443 2500 peccatorem
933 2454 1097 2490 infantuli.
