1656 2690
715 127 957 163 —67—

594 218 641 250 64.
673 220 708 252 In
729 220 951 262 Assumptione
969 221 1061 254 BMV.

174 277 235 311 la.
261 274 345 321 Ave,
373 279 485 319 regina
510 279 642 320 gloriae,
870 282 929 316 ib.
956 280 1056 316 Vitae
1081 282 1144 323 via,
1171 290 1247 324 spes
1276 282 1397 323 veniae,

260 325 423 366 Splendor
449 327 597 359 caelestis
625 329 744 370 curiae,
953 332 1063 364 Mater
1086 330 1341 371 misericordiae,

261 373 401 407 Nostrae
426 383 522 408 causa
546 375 701 420 laetitiae,
955 380 1057 412 Porta
1079 387 1240 419 supernae
1263 379 1383 420 regiae,

334 422 513 456 Salomonis
538 424 707 466 palatium,
1029 427 1200 467 Singulare
1224 426 1404 460 subsidium

333 470 424 505 Gella
457 472 610 505 virtutum
637 472 796 517 omnium;
1027 475 1082 508 Ad
1095 477 1139 518 te,
1155 476 1257 517 virgo,
1275 475 1494 509 clamantium.

956 552 996 587 R.
1029 552 1102 592 Eia,
1129 555 1235 585 mater
1254 551 1410 593 fidelium,

1027 601 1093 634 Ora
1115 610 1176 641 pro
1201 600 1295 633 nobis
1321 600 1433 635 filium.

260 548 300 582 R.
329 549 402 589 Eia,
432 553 537 582 mater
560 549 716 592 fidelium,

333 598 398 631 Ora
422 607 482 638 pro
507 598 601 632 nobis
626 599 739 640 filium,

168 685 230 717 Za.
257 680 388 725 Expers
411 685 517 718 virilis
543 687 686 729 seminis,
864 686 927 721 2b.
954 684 1061 721 Mater
1085 688 1188 720 mirae
1215 687 1408 728 dulcedinis,

257 731 369 765 Sancti
394 734 522 773 repleta
546 732 697 776 flaminis,
955 736 1019 768 Per
1044 739 1077 767 te
1103 736 1251 768 caelestis
1280 736 1429 769 culminis

255 779 380 813 Lumen
405 782 530 813 aeterni
554 782 695 822 luminis,
954 784 1055 816 Porta
1080 786 1182 825 patet,
1210 793 1304 824 quam
1331 784 1470 817 hominis

329 830 522 870 Patremque
535 830 624 871 paris
640 831 820 873 proprium,
1028 832 1191 865 Primaevi
1218 832 1335 864 clausit
1360 832 1493 874 vitium3

333 878 431 918 Virgo
458 883 534 919 post
558 880 778 920 puerperium.
1032 882 1113 921 Ave⁷
1140 881 1228 913 salus
1258 881 1470 913 credentium.

171 966 232 998 3a.
258 962 369 999 Arbor
395 964 520 998 fructus
545 966 716 1006 mirabilis,
867 967 925 1002 3b.
952 965 1081 1009 Regina
1105 966 1290 1007 ineffabilis,

257 1014 297 1046 In
320 1017 364 1057 te,
390 1017 494 1046 mater
521 1014 682 1056 amabilis,
955 1016 1017 1048 Per
1042 1019 1076 1048 te
1099 1014 1159 1047 fiet
1181 1015 1366 1058 placabilis,

259 1061 372 1094 Rubus
399 1062 527 1094 ardenti
553 1063 669 1095 similis
957 1064 1036 1097 Cum
1061 1064 1161 1096 iudex
1186 1073 1282 1105 quam
1306 1064 1464 1097 terribilis

334 1109 540 1151 Adimplevit
562 1112 770 1153 mysterium3
1026 1112 1229 1145 Fulminabit
1253 1112 1427 1151 iudicium;

331 1158 356 1191 Ο
372 1167 468 1200 quam
482 1157 794 1201 felixpraesagium!
1027 1162 1115 1203 Ave,
1146 1163 1291 1194 nostrum
1317 1160 1489 1202 refugium.

167 1247 228 1279 4a.
256 1242 377 1289 Iesum,
405 1245 504 1287 Virgo
529 1250 698 1292 perpetua,
865 1247 927 1282 4b.
954 1246 987 1283 A
1013 1247 1167 1281 cordibus
1194 1256 1326 1289 evacua,

256 1294 364 1338 placa,
393 1296 507 1337 mater,
535 1295 668 1328 assidua
955 1297 1044 1336 Quae
1069 1297 1185 1329 animis
1211 1299 1288 1329 sunt
1309 1306 1423 1337 nocua⁷

254 1343 366 1384 Prece,
393 1351 473 1375 voce
498 1342 675 1386 melliflua;
953 1344 999 1378 Ut
1025 1354 1085 1385 per
1109 1344 1195 1378 bona
1221 1345 1385 1387 continua,

328 1391 381 1424 Da
404 1391 468 1424 reis
493 1393 723 1435 necessarium,
1030 1393 1100 1435 Eia,
1126 1396 1241 1434 mater,
1270 1394 1468 1426 consortium

328 1439 484 1482 Benigne,
509 1441 736 1481 patrocinium.
1027 1441 1267 1482 Consequamur
1292 1442 1491 1477 caelestium.

234 1517 319 1544 Miss.
349 1525 402 1545 ms.
430 1517 581 1545 Minorum
611 1526 689 1546 saec.
723 1515 766 1546 14.
800 1518 871 1547 God.
903 1519 1042 1546 Vatican.
1072 1515 1158 1546 4743.
1190 1518 1226 1546 Α.
1257 1532 1295 1537 -
1325 1520 1411 1547 Miss.
1441 1527 1495 1546 ms.

155 1556 338 1593 Hispalense
355 1564 432 1584 saec.
449 1554 522 1584 ¹⁴l15.
558 1556 628 1584 Cod.
644 1558 733 1586 Univ.
747 1557 872 1586 Ianuen.
888 1557 911 1585 A
928 1557 987 1586 VH
1001 1555 1028 1586 3.
1042 1558 1076 1586 Β.
1093 1573 1131 1577 -
1147 1558 1232 1586 Miss.
1248 1566 1301 1585 ms.
1313 1557 1498 1595 Hispalense

155 1603 232 1624 saec.
249 1593 293 1622 15.
334 1594 403 1624 Cod.
421 1595 590 1624 Columbin.
608 1596 766 1632 Hispalen.
780 1593 876 1631 83‚17.
892 1595 922 1623 C.
939 1611 975 1615 —
990 1597 1074 1625 Miss.
1091 1605 1143 1624 mc.
1159 1596 1342 1634 Hispalense
1357 1605 1433 1626 saec.
1452 1594 1487 1625 15

157 1634 228 1663 Cod.
242 1633 411 1663 Columbin.
422 1634 581 1671 Hispalen.
592 1632 639 1669 85,
654 1633 689 1663 18
699 1636 736 1664 D.
750 1636 879 1663 —Miss.
891 1635 1074 1672 Hispalense
1086 1636 1158 1672 imp.
1170 1635 1293 1673 Hispali
1309 1634 1392 1664 1507.
1406 1635 1443 1663 Ε.
1459 1651 1496 1656 —

154 1671 205 1709 2a,
227 1670 245 1699 2
270 1673 378 1709 repleti
403 1673 439 1701 A.
467 1689 505 1692 —
530 1672 582 1706 2a,
603 1672 624 1701 4
647 1674 769 1702 Patrem
794 1676 877 1710 paris
903 1673 963 1702 OD.
995 1690 1028 1694 -
1058 1671 1108 1710 3a,
1132 1673 1147 1702 1
1177 1675 1242 1703 Ave
1261 1675 1375 1703 fructus
1395 1674 1430 1702 A.
1456 1690 1495 1694 ——

155 1709 209 1745 Sa,
232 1709 251 1740 3
272 1712 360 1740 Rubo
381 1711 498 1740 BGDE.
519 1727 559 1731 —
579 1711 638 1740 Str.
659 1710 704 1741 312
725 1722 788 1751 sqq.
809 1713 910 1742 fehlen
922 1713 959 1740 E.
1039 1712 1092 1747 3a,
1117 1712 1133 1742 1
1154 1714 1216 1742 und
1237 1713 1290 1741 der
1302 1713 1424 1750 Anfang
1445 1714 1497 1742 der

157 1749 174 1778 2
197 1751 357 1787 folgenden
378 1751 472 1779 Verse
491 1751 592 1780 fehlen
612 1752 647 1787 A,
668 1752 737 1781 wei1
756 1752 823 1781 hier
843 1753 892 1781 die
912 1752 966 1780 Hs.
989 1754 1123 1781 zei-stom
1145 1767 1184 1772 —
1204 1751 1256 1787 322,
1276 1751 1297 1780 4
1311 1753 1497 1781 Fluminavit

153 1790 187 1818 A.
217 1804 248 1807 —›
269 1788 321 1824 42„
346 1788 363 1817 2
383 1790 474 1818 Placa
494 1792 579 1829 virgo
594 1791 629 1818 A.
650 1806 688 1810 —
708 1791 762 1825 4a,
783 1789 802 1819 3
815 1791 909 1820 Prece
930 1794 960 1819 et
975 1793 1008 1820 Β.
1033 1807 1065 1811 --
1081 1790 1135 1827 41),
1158 1790 1176 1819 2
1191 1792 1311 1820 animae
1324 1791 1441 1820 BCDE.
1459 1807 1494 1811 —

152 1830 189 1857 In
209 1828 267 1857 den
283 1829 409 1864 Quellen
430 1830 556 1866 beginnt
573 1830 628 1857 mit
648 1830 712 1858 dem
728 1831 852 1858 Reii-ain
866 1831 915 1859 die
929 1829 1074 1868 Sequenz.
1109 1830 1210 1859 Schon
1227 1830 1280 1859 das
1294 1831 1497 1859 Akrostichon

155 1869 250 1905 „Ave
269 1869 303 1896 M
311 1865 407 1897 aria“
430 1870 519 1906 zeigt,
538 1877 602 1897 was
623 1869 669 1897 als
683 1869 801 1907 Anfang
821 1870 872 1898 der
886 1869 1023 1906 Seqnenz
1039 1869 1141 1908 gelten
1153 1871 1240 1899 muss.
1261 1884 1300 1889 —
1320 1871 1382 1898 Der
1396 1870 1500 1899 Inhait

152 1909 194 1935 ist
213 1906 284 1936 eher
302 1908 350 1936 De
370 1909 467 1937 Beata
485 1910 527 1937 im
549 1908 757 1946 allgemeinen.

580 2003 627 2035 65.
657 2004 693 2035 In
714 2004 937 2045 Assumptione
956 2004 1046 2036 BMV.

160 2085 219 2118 la.
250 2083 375 2124 Gaude,
403 2085 505 2126 virgo,
533 2085 632 2126 plena
658 2086 738 2127 Deo,
862 2088 922 2121 lb.
951 2086 1071 2120 Orbem
1095 2086 1169 2118 luce
1197 2085 1388 2119 destitutum

161 2311 182 2342 2
195 2319 224 2343 a.
251 2309 322 2342 Rex
341 2313 390 2342 est
404 2309 561 2355 Christus,
583 2310 639 2351 qui
648 2310 791 2351 gravatis

247 2133 298 2166 De
324 2143 388 2174 qua
412 2136 507 2168 natus
533 2133 629 2167 fortis
655 2135 717 2176 leo,

252 2182 401 2216 Christus
426 2186 563 2215 mortem
592 2184 767 2217 Philistaeo

298 2231 410 2272 Dedit,
436 2231 472 2264 id
499 2236 548 2264 est
572 2232 697 2267 zabulo.

246 2358 285 2391 In
310 2359 462 2400 Aegypto
490 2359 664 2400 captivatis

249 2407 376 2440 Donum
402 2411 550 2447 praestat
573 2408 737 2440 libertatis

296 2456 414 2496 Ruptis
441 2456 556 2489 vinclis
583 2457 720 2497 validis;

949 2135 999 2168 Tu
1024 2136 1181 2179 illustras,
1210 2135 1286 2168 dum
1313 2135 1471 2168 virtutum

949 2184 1071 2226 Regem
1084 2184 1185 2227 paris,
1200 2186 1348 2217 nostrum
1362 2186 1491 2217 scutum

998 2235 1039 2267 In
1065 2233 1152 2265 omni
1177 2232 1333 2274 periculo.

863 2312 923 2346 212.
952 2311 1036 2344 Nam
1059 2313 1094 2344 in
1118 2312 1180 2343 luti
1206 2310 1365 2344 servitute

946 2360 1090 2393 Nostrae
1114 2370 1228 2393 manus
1253 2359 1423 2393 involutae

949 2408 1031 2442 Sunt
1058 2419 1078 2442 a
1101 2409 1171 2442 luto
1197 2410 1261 2442 iam
1288 2409 1415 2442 solutae

996 2457 1176 2499 operisque
1201 2458 1356 2492 sordidis.

1276 2513 1318 2542 5*
