1656 2690
691 158 739 162 —
789 136 859 171 246
914 155 956 160 —

566 230 636 262 282.
669 230 712 260 De
733 229 846 261 sancta
866 227 1074 260 Pharahilde.

163 303 223 335 Ia.
247 301 354 334 Felici
379 301 516 333 conubio
862 298 920 333 lb.
949 299 1156 331 Pharahildis
1182 299 1316 330 caelitus

249 350 332 390 Regi
356 349 442 389 regis
467 347 534 381 filio
947 346 1112 387 Inspirata
1136 346 1266 387 penitus

299 397 420 437 Nupsit
444 397 535 437 virgo
561 396 661 438 regia,
995 394 1113 427 Mundi
1137 394 1264 435 sprevit
1287 394 1414 436 gaudia.

160 467 219 498 2a.
246 463 352 496 Deum
376 472 512 504 sequens
537 473 619 504 puro
647 464 745 496 corde
858 462 919 497 2b.
947 464 985 496 In
1012 464 1118 495 aetate
1142 463 1263 503 puerili

249 512 314 545 Gor
339 511 380 545 ab
406 511 493 544 omni
515 512 606 553 virgo
632 512 731 544 sorde
947 511 1126 553 Reputavit
1150 520 1210 552 pro
1235 520 1273 543 re
1296 510 1356 543 vili

298 560 474 593 Mandavit
499 556 558 605 [et]
585 560 731 602 lascivia,
994 560 1086 593 Bona
1111 559 1224 592 muudi
1249 559 1402 592 labentia.

159 631 219 663 3a.
246 629 302 661 Ad
326 628 415 661 vitae
439 631 617 668 perpetuae
860 627 919 662 3b.
945 628 1036 661 Nihil
1059 628 1094 660 in
1120 629 1182 661 hoc
1206 628 1334 660 saeculo

250 676 405 718 Requiem
431 677 582 709 assiduae
949 676 1141 717 Concupivit
1164 676 1271 709 iaculo

296 725 485 759 Anhelabat
509 726 616 767 anxia,
995 725 1070 757 Iesu
1096 724 1219 758 Christi
1243 724 1361 757 saucia.

163 797 222 829 4a.
250 794 316 826 Ter
343 794 498 826 denorum
526 802 596 826 cum
622 802 777 826 annorum
859 792 918 826 4b.
946 792 1131 833 Maritatur,
1158 792 1229 825 viro
1257 793 1362 834 datur,

301 842 535 882 Complevisset
558 842 674 885 spatia,
993 840 1182 874 Firmantur
1208 840 1364 880 coniugia.

163 913 181 944 5
195 921 225 944 a.
251 909 459 943 Pharahildis
482 908 593 942 iuncta
617 918 735 949 sponso
859 909 918 942 5b.
942 908 1032 941 Deus
1058 909 1140 941 votis
1167 908 1234 939 eius
1262 907 1360 947 cedit,

250 957 375 991 Fundit
399 965 513 998 preces
538 958 572 990 in
597 956 753 991 absconso
947 956 1008 996 Qui
1032 956 1157 996 privari
1182 965 1246 987 non
1274 955 1424 989 concedit

298 1005 476 1046 Trahitque
501 1006 658 1046 suspiria;
993 1005 1077 1037 Eam
1102 1003 1271 1044 pudicitia.

164 1078 223 1109 6a.
251 1074 338 1106 Hinc
362 1074 497 1106 maritus
521 1073 692 1114 imperitus
859 1073 916 1106 6b.
941 1072 1108 1113 Torquens
1128 1080 1197 1104 eam
1216 1074 1380 1112 tamquam
1402 1079 1488 1102 ream

302 1122 484 1155 Commotus
509 1122 638 1154 insania
993 1120 1130 1152 Addens
1155 1119 1364 1160 improperia.

165 1193 183 1224 ’7
196 1201 226 1224 a.
253 1189 400 1230 Sponsae
424 1199 561 1231 sponsus
585 1190 738 1221 iniuriam
858 1189 917 1222 Ἠ).
942 1188 1037 1228 Equo
1062 1188 1172 1227 lapsus
1198 1186 1387 1228 conteritur,

251 1239 359 1272 Vertit
382 1238 424 1270 ad
448 1238 667 1279 ignominiam,
947 1235 1110 1268 Contritus
1137 1235 1290 1268 membris
1316 1236 1453 1268 moritur

301 1287 402 1319 Ducit
426 1287 468 1318 ad
493 1285 673 1327 supplicia3
994 1284 1149 1316 Dictante
1173 1284 1308 1318 iustitia.

165 1356 228 1388 Sa.
256 1354 356 1395 Virgo
384 1354 523 1386 clemens
550 1356 582 1384 et
605 1352 743 1385 illustris
860 1352 919 1386 8b.
945 1352 991 1384 Et
1014 1355 1089 1392 post
1116 1360 1216 1384 annos
1241 1354 1293 1384 ter
1320 1351 1420 1383 denos
1438 1353 1489 1382 ter

252 1402 315 1434 Sex
342 1411 413 1433 cum
436 1402 506 1433 viro
533 1401 617 1433 vixit
641 1400 753 1432 lustris
946 1400 1121 1432 Liberator
1147 1409 1217 1432 eam
1242 1403 1353 1432 noster

298 1449 429 1482 Pollens
456 1449 654 1487 castimonia,
997 1448 1135 1488 Recepit
1161 1449 1195 1480 in
1220 1448 1334 1489 gloria.

166 1519 225 1550 9a.
253 1516 358 1549 Huius
386 1525 460 1557 ergo
488 1516 622 1557 virginis
865 1517 924 1550 9b.
951 1516 1016 1548 Ubi
1042 1515 1112 1548 sine
1136 1517 1274 1548 termino

252 1564 372 1597 Preces
399 1564 514 1597 summi
539 1564 680 1597 numinis
948 1563 1122 1596 Laetemur
1150 1573 1221 1596 cum
1245 1564 1385 1597 Domino

300 1613 370 1646 Nos
397 1613 516 1646 ducant
541 1613 584 1645 ad
609 1613 702 1652 atria,
998 1613 1139 1645 Perenni
1162 1613 1301 1646 laetitia.

230 1679 302 1707 Mis„
337 1687 391 1707 ms.
410 1679 705 1707 Mosaetraiectinum
726 1687 802 1707 saec.
829 1677 873 1707 15.
909 1679 979 1707 Cod.
993 1680 1111 1715 Hagen.
1132 1680 1153 1707 J
1168 1677 1212 1707 10.
1236 1694 1270 1698 ——
1291 1678 1350 1713 4b,
1368 1677 1383 1707 1
1404 1681 1490 1715 virgo

155 1719 250 1746 datur.
273 1734 305 1737 —
330 1718 380 1752 Ἧι,
402 1716 420 1745 2
441 1718 603 1746 Convertit.
625 1731 662 1736 —
682 1715 735 1752 8b,
758 1715 775 1745 2
795 1720 897 1746 noster
917 1726 990 1745 eam.
1012 1733 1050 1738 —-
1071 1716 1122 1753 912,
1148 1715 1166 1746 3
1190 1719 1223 1746 [n
1242 1719 1375 1755 perenni.

536 1822 605 1853 283.
635 1821 679 1852 De
701 1830 741 1853 ss.
765 1821 911 1863 Philippo
935 1823 968 1853 et
986 1822 1108 1855 Iacobo.

166 1895 226 1927 1a.
252 1894 394 1933 Caelum,
421 1895 518 1926 tellus
544 1896 575 1925 et
599 1894 703 1925 maria
863 1894 921 1927 lb.
948 1894 1181 1934 Apostolorum
1209 1895 1360 1928 meritum

253 1942 382 1975 Mellita
406 1945 558 1983 promant
583 1942 727 1974 carmina
949 1941 1048 1974 Ghori
1074 1943 1213 1975 clament
1238 1942 1384 1976 fidelium

303 1992 342 2024 In
367 1990 465 2023 laude
490 1989 672 2028 salvatoriS‚
998 1990 1086 2023 Voce
1113 1991 1221 2024 cordis
1249 1995 1282 2024 et
1305 1992 1382 2027 oris,

169 2050 230 2083 2a‚
258 2049 435 2089 Apostolus
460 2057 546 2081 nunc
570 2047 716 2092 Iacobus,
864 2048 924 2082 2b.
952 2048 1012 2088 Qui
1037 2048 1146 2081 nitens
1169 2050 1330 2091 pudicitia

251 2096 401 2137 Alphaeo
426 2100 522 2137 patre
547 2097 684 2137 genitus,
950 2097 1065 2130 Clarus
1093 2100 1125 2129 et
1145 2098 1307 2138 sapientia

301 2145 468 2177 Laudetur
494 2153 566 2176 cum
592 2144 722 2185 gaudio,
997 2144 1189 2187 Praefulget
1213 2147 1352 2188 eloquio.

165 2204 224 2236 3a.
251 2202 347 2234 Hunc
371 2203 477 2235 virum
502 2200 727 2234 admirabilem
860 2203 920 2236 3b.
949 2202 1035 2235 Dum
1061 2212 1136 2244 ergo
1161 2213 1241 2237 voce
1265 2205 1371 2237 libera

256 2250 429 2284 Ordinavit
452 2251 486 2283 in
511 2249 694 2290 praesulem
952 2251 1075 2284 Christi
1099 2253 1214 2294 pangit
1238 2254 1400 2294 magnalia

303 2299 419 2332 Coetus
445 2299 652 2339 apostolicus.
998 2300 1104 2332 Homo
1131 2301 1179 2333 sic
1204 2302 1380 2345 veridicus,

162 2360 224 2395 42,
252 2357 303 2390 De
325 2358 426 2399 pinna
450 2366 525 2390 mox
554 2357 690 2389 deicitur
864 2357 924 2391 4b.
952 2357 1007 2389 Sic
1035 2356 1157 2390 Christi
1183 2357 1288 2392 factus
1315 2360 1422 2394 hostia

252 2406 298 2439 Et
323 2405 450 2449 pertica
475 2405 656 2447 percutitur
951 2405 1135 2439 Perductus
1162 2410 1210 2441 est
1235 2409 1279 2442 ad
1304 2410 1390 2442 atria

302 2455 450 2488 Fullonis
476 2454 661 2487 crudeliter.
999 2454 1171 2489 Caelorum
1196 2455 1346 2494 feliciter.
