1656 2690
696 134 960 170 —120—

240 230 327 258 Grad.
350 239 401 258 ms.
422 230 732 265 Hierosolymitanum
753 238 828 258 saec.
853 227 896 257 12.
918 231 958 256 in.
996 230 1066 258 Cod.
1087 231 1212 258 Roman.
1236 227 1368 263 Angelie.
1391 226 1418 254 D
1433 225 1492 253 VII

162 266 189 297 3.
210 269 245 296 A.
273 283 311 287 —
334 270 419 297 Miss.
446 276 499 295 ms.
529 268 772 296 Clarofontanum
801 276 877 296 saec.
900 266 943 295 15.
970 269 1011 296 in.
1056 268 1125 296 Cod.
1147 269 1239 296 Ducis
1263 265 1494 295 Northumbriae

163 316 187 335 s.
209 316 238 334 n.
258 305 345 337 (nach
366 306 473 334 Weale
492 306 532 340 11,
548 304 623 340 526).
640 307 672 334 Β.
694 321 732 326 --
752 306 802 338 5a.
821 305 835 334 1
850 307 960 335 Norma
981 307 1155 335 elericorum
1172 306 1214 341 Α;
1237 306 1350 334 Norma
1371 303 1495 330 clericos

162 346 203 381 133
225 345 275 372 die
288 345 480 382 Umstellung
499 345 597 372 wahrt
616 345 664 374 die
677 345 893 373 Endassonanz
908 346 939 372 in
953 353 979 372 a.
1000 360 1039 364 —
1056 344 1107 379 6a,
1123 343 1141 372 2
1155 353 1199 381 sq.
1215 344 1346 372 Domino
1362 342 1496 369 earmina

162 384 222 412 AB.
244 398 281 402 -
303 385 329 411 A
349 384 443 412 bietet
465 384 513 411 die
534 384 672 417 Melodie,
694 384 837 412 nfimlich:
865 384 897 411 M
907 385 995 411 ater.
1037 383 1188 411 ‘W'zihrend
1209 383 1281 410 aber
1301 381 1349 409 die
1369 380 1496 408 Stamm-

162 431 291 459 sequenz
311 423 343 449 in
365 420 407 450 8b
429 422 708 450 Silbenfiberschuss
729 422 797 456 hat,
819 424 860 450 ist
878 423 944 450 hier
963 423 1041 450 Text
1060 422 1120 450 und
1142 421 1272 450 Melodie
1293 428 1352 447 von
1372 416 1416 447 Sa
1436 418 1496 446 und

162 459 206 489 81>
236 468 313 497 ganz
346 460 483 497 parallel.
532 460 591 488 Die
618 460 856 489 Schlussklausel
883 461 934 488 der
960 461 1219 497 Stammsequeuz,
1253 459 1303 487 die
1329 457 1393 485 sich
1420 457 1495 484 nach

163 499 336 528 Silbenzahl
356 499 416 527 und
430 499 560 527 Melodie
580 499 764 535 vollstandig
782 501 837 527 mit
856 497 986 534 912-1-10
1006 500 1039 526 in
1052 508 1175 527 unsel-er
1188 498 1325 535 Sequenz
1339 496 1436 529 deckt,
1457 497 1499 523 ist

161 538 226 566 hier
246 538 339 565 durch
360 539 426 566 eine
451 538 706 574 Parallelstrophe
727 536 772 566 9a
793 539 952 572 erweitert,
984 538 1032 566 die
1049 539 1082 565 in
1102 538 1159 565 den
1179 546 1259 566 neun
1280 538 1378 564 ersten
1393 534 1497 563 Silben

161 578 216 604 mit
236 575 279 605 91>
301 576 418 614 gleiche
439 577 570 605 Melodie
596 577 740 604 aufweist.

630 718 685 750 131.
717 719 761 751 De
781 719 892 750 sancta
913 719 1026 749 Aurea.

171 799 232 832 ta.
257 799 313 831 Ad
337 799 466 831 Aureae
488 799 666 841 sollemnia,
866 799 925 832 1b.
953 798 1041 837 Quae
1067 807 1125 838 pro
1151 797 1228 832 fidei
1254 798 1359 838 gratia

261 848 324 880 Pro
350 847 464 878 summi
489 847 574 887 regis
599 847 702 887 gloria
953 846 1078 887 Sponsa
1102 846 1188 886 regis
1215 849 1245 877 et
1270 844 1340 878 filia

259 896 327 928 Iam
353 895 466 927 laudes
493 898 524 926 et
549 895 724 935 praeconia
951 895 1015 927 Tot
1039 894 1172 934 pertulit
1199 894 1374 934 opprobria

263 943 374 975 Solvat
397 945 502 975 mater
528 943 674 976 ecclesia.
953 943 999 975 Et
1025 943 1170 982 corporis
1195 942 1366 983 supplicia.

172 1022 231 1053 Za.
259 1020 338 1052 Post
361 1018 439 1052 fidei
464 1020 644 1059 primordia
866 1020 926 1052 2b.
952 1019 1051 1061 Ergo,
1081 1027 1212 1050 consors
1237 1018 1394 1059 angelica,

261 1067 484 1107 Corruptionis
508 1068 622 1109 inscia,
953 1067 1000 1099 Ut
1025 1069 1164 1109 tueatur,
1192 1067 1351 1106 supplica,

258 1115 339 1147 Post
364 1115 509 1155 corporis
535 1116 697 1156 supplicia
953 1115 1020 1147 Nos
1045 1115 1165 1146 virtute
1192 1113 1308 1146 deifica

263 1163 397 1195 Transit
421 1164 464 1195 ad
491 1164 571 1196 caeli
596 1164 724 1204 gaudia.
955 1163 1097 1203 Virginis
1121 1163 1230 1203 proles
1256 1163 1363 1197 unica.

569 1242 600 1274 3.
626 1240 713 1273 Laus
738 1240 798 1272 tibi
824 1240 867 1271 sit
886 1240 1039 1280 ingenito,

629 1288 715 1320 Laus
740 1288 800 1320 tibi
825 1288 998 1330 unigenito,

631 1336 717 1369 Laus
743 1339 775 1368 et
799 1336 859 1367 tibi
885 1336 1043 1376 paraclito

633 1384 774 1425 Virginis
799 1384 893 1416 huius
919 1385 1047 1418 merito.

241 1460 323 1488 offic.
351 1469 403 1487 ms.
426 1460 564 1488 Ostiense
582 1459 612 1487 S.
634 1461 749 1488 Aureae
777 1468 853 1488 saec.
877 1458 920 1488 15.
963 1461 1032 1488 (¹od.
1055 1461 1192 1488 Vatican.
1215 1461 1320 1497 Regin.
1345 1459 1428 1489 1949.

163 1499 247 1527 Nach
276 1499 327 1527 der
354 1499 491 1526 {iusseren
510 1499 600 1526 Form
625 1508 663 1526 zu
688 1499 848 1526 sehliessen
868 1499 985 1526 mi‘mhte
1006 1508 1074 1527 man
1096 1500 1128 1526 in
1149 1499 1382 1527 Vorstehendem
1408 1501 1495 1528 einen

163 1538 300 1574 Hymnus
326 1540 492 1570 vei-mutem
525 1537 600 1565 auch
635 1537 714 1565 steht
743 1546 774 1565 es
802 1543 833 1565 in
859 1535 911 1565 der
932 1538 985 1565 Hs.
1013 1538 1097 1565 nieht
1122 1538 1279 1566 innerhalb
1307 1538 1358 1566 der
1386 1539 1494 1573 Messe,

163 1577 292 1604 sondern
316 1576 393 1604 nach
422 1576 584 1614 deiselben.
623 1577 684 1605 Die
702 1576 833 1604 Melodie
849 1576 955 1612 jedoch
978 1577 1129 1605 bekundet
1148 1577 1205 1604 den
1227 1577 1392 1605 Charakter
1414 1580 1496 1605 einer

163 1614 306 1651 Sequenz,
328 1615 387 1642 und
409 1615 457 1642 die
477 1615 664 1643 Uberschrift.
682 1615 777 1643 lautet
799 1615 941 1643 ebenfalls
965 1613 1125 1651 „P1·0sa“.

596 1746 658 1778 132.
690 1747 733 1778 De
754 1748 864 1779 sancto
888 1747 1063 1779 Balderieo.

172 1825 232 1861 la.
260 1827 364 1859 Adest
392 1827 460 1859 dies
487 1827 635 1870 celebris,
873 1829 931 1863 lb.
961 1829 1057 1862 Pater
1081 1830 1176 1862 huius
1201 1831 1338 1873 patriae,

263 1875 333 1915 Qua
359 1877 398 1908 de
423 1876 535 1908 mundi
560 1876 703 1908 tenebris
955 1877 1164 1919 Baldericus;
1193 1879 1290 1912 hodie

312 1924 506 1964 Triumphat
529 1924 564 1956 in
589 1925 696 1964 patria
1004 1926 1085 1958 Eius
1111 1930 1186 1958 sunt
1210 1927 1392 1960 sollemnia.

173 2003 233 2036 Za.
261 2001 376 2041 Regali
402 2001 557 2042 progenie
869 2002 927 2036 2b.
956 2002 1115 2035 Sacerdos
1141 2004 1373 2044 sanctissimus,

260 2049 354 2082 Omni
380 2058 491 2082 carens
518 2049 605 2081 carie
958 2050 1080 2083 Doctor
1104 2051 1314 2085 fidelissimus

310 2098 402 2130 Vixit
427 2097 467 2130 ab
491 2096 647 2139 infantia3
1004 2099 1112 2132 Fulsit
1135 2101 1169 2133 in
1196 2101 1342 2134 ecelesia.

174 2176 234 2208 3a.
261 2174 363 2207 Totus
386 2174 456 2207 Deo
484 2174 623 2218 deditus,
871 2176 929 2209 312.
959 2176 1082 2210 Christi
1108 2186 1236 2210 crucem
1261 2188 1398 2219 corpore

261 2222 420 2255 Mundum
446 2221 530 2263 fugit
554 2224 693 2266 penitus,
957 2225 1047 2257 Tulit
1073 2227 1158 2258 omni
1184 2230 1331 2267 tempore

310 2270 395 2303 Dum
420 2271 553 2311 reliqm't
576 2272 729 2312 propria3
1006 2274 1077 2314 Iugi
1102 2274 1308 2307 abstinentia.

174 2351 233 2382 4a.
262 2348 388 2382 claruit
412 2348 586 2381 virtutibus
870 2349 931 2384 4b.
960 2350 1058 2389 Quem
1084 2355 1159 2391 post
1185 2352 1292 2384 carnis
1319 2362 1419 2385 onera

260 2397 305 2430 Et
330 2395 426 2429 factis
451 2396 642 2437 insignibuS,
960 2398 1108 2431 Christus
1131 2409 1232 2440 super
1257 2401 1392 2434 aethera

309 2445 426 2480 Mundi
451 2445 530 2478 vicit
554 2446 644 2479 vitia.
1005 2447 1128 2480 Invitat
1152 2449 1195 2481 ad
1220 2451 1376 2489 praemia.
