1656 2690
749 156 1005 192 —137—

210 253 272 284 321.
301 252 402 296 Haec,
433 252 507 285 dum
534 254 676 294 vivebat,
914 256 973 290 3b.
1001 257 1046 289 Et
1068 265 1154 290 nunc
1178 256 1212 287 in
1239 256 1337 289 caelis

300 302 488 342 angelorum
515 304 631 335 meruit
999 305 1086 338 inter
1112 313 1221 337 eorum
1247 305 1388 337 laetatur

299 350 459 390 colloquia
1000 354 1138 395 agmina.

211 437 272 469 42.
298 436 394 469 Hane
419 437 508 470 misit
533 438 714 479 apostolam
913 441 976 474 4b.
1003 441 1088 474 Huic
1112 441 1330 482 evangelistae

300 485 447 519 Christus
1002 490 1107 532 daturi.

299 543 358 567 sua
382 544 442 575 per
468 535 578 568 orbem
997 538 1158 571 incarnati
1182 537 1275 570 verbi

298 583 428 623 populis
454 585 601 624 pandere
999 589 1125 619 secreta
1151 586 1308 618 scriberet

300 632 425 665 scelera
449 632 577 674 Deique
997 638 1033 667 ut
1059 634 1246 675 evangelica

298 680 432 715 iudicia.
998 683 1166 724 mysteria.

206 768 266 800 5a..
296 767 389 799 Haec
414 769 608 810 prophetiae
911 770 969 804 5b.
997 771 1040 803 Et
1068 778 1195 803 carnem
1224 770 1357 802 domans

295 815 380 849 dono
407 817 526 849 claruit
999 817 1128 851 adflixit
1152 818 1218 859 iugi

294 863 430 898 mirifico
996 866 1165 907 martyrio.

204 953 222 986 6
240 961 269 986 a,
297 951 510 986 confessione
909 956 968 990 6b.
997 956 1048 988 Ac
1072 954 1183 987 mundi
1211 954 1332 994 probra

293 999 372 1033 fidei
398 1001 497 1033 nituit
996 1004 1102 1037 libens
1129 1003 1291 1036 sustinuit.

198 1090 216 1122 7
233 1098 262 1121 a.
290 1088 355 1129 Spe
381 1087 457 1122 forti
483 1090 590 1123 solida
908 1095 926 1126 7
935 1093 967 1127 b.
996 1091 1204 1133 coniugalem

291 1140 407 1170 cuncta
430 1139 556 1178 sprevit
580 1148 675 1181 vana,
777 1144 783 1147 ’
964 1138 977 1153 ³·‘
997 1141 1057 1174 sed
1082 1139 1260 1173 obaudiens
1288 1141 1401 1173 tonuit.

291 1186 428 1226 perenni
451 1187 586 1219 caritate
607 1186 747 1221 fervida.

924 1249 927 1252 -
998 1229 1095 1263 Casto
1122 1227 1259 1260 conubio

291 1273 491 1314 virginalem
774 1282 780 1285 ·
996 1278 1130 1310 tandem
1156 1277 1225 1317 regi
1253 1276 1380 1309 Christo

289 1321 391 1354 vitam
415 1323 449 1354 in
476 1324 560 1356 votis
577 1324 744 1367 praetulit,
995 1335 1031 1358 se
1056 1329 1156 1359 totam
1184 1326 1327 1358 sanxivit
1352 1325 1517 1366 obsequio.

200 1409 259 1442 8a.
289 1407 478 1449 septiformi
910 1413 969 1447 8b.
997 1414 1037 1446 In
1062 1412 1206 1454 supremi

287 1457 335 1489 sic
361 1458 472 1491 dotata
498 1459 672 1501 praeconio
996 1462 1106 1502 sponsi
1133 1463 1247 1501 regnat
1273 1460 1395 1500 palatio

198 1548 256 1579 92.
286 1547 458 1588 Coronata,
910 1550 968 1583 9b.
994 1549 1096 1593 Euge,
1125 1558 1255 1590 sponsa,
1282 1548 1392 1588 sponsi

287 1596 494 1637 amplexata3
735 1594 751 1611 *
936 1603 942 1609 ⁴
998 1599 1168 1639 possidens
1194 1597 1331 1638 gaudia!

286 1640 803 1687 obhoccaelicatonantorgana.*
891 1645 897 1654 “

1002 1686 1146 1719 Alleluia

287 1733 313 1766 O
340 1743 435 1775 quam
464 1734 647 1767 delectaris.
788 1727 804 1744 ’¹‘
933 1771 936 1776 ¹
1001 1736 1099 1768 laude
1123 1735 1179 1775 pia

287 1783 372 1826 Iesu,
399 1791 460 1823 per
486 1783 582 1815 talia!
927 1774 943 1788 ’⁵
1002 1783 1240 1825 congaudentes
1266 1784 1438 1817 iubilemus
1464 1795 1539 1820 una.

191 1871 271 1905 loa.
293 1871 318 1904 O
345 1875 450 1903 mater
474 1871 627 1913 Birgstta,
894 1872 977 1908 iob.
1000 1872 1047 1906 Ut
1070 1875 1178 1905 tecum
1206 1874 1371 1905 cantemus

292 1920 355 1952 duc
380 1929 438 1952 nos
465 1920 507 1953 ad
534 1930 645 1965 regna,
997 1931 1126 1963 semper
1150 1921 1307 1955 Alleluia.

265 1998 387 2027 Oolleet.
416 2007 469 2027 ms.
497 1999 633 2028 Halense
665 2007 741 2027 saec.
773 1997 816 2027 15.
865 1999 935 2028 Cod.
964 2000 1173 2028 Vindobonen.
1202 1997 1286 2029 1316.
1317 2000 1374 2027 mit
1403 1999 1474 2027 Mel.
1505 2015 1544 2019 -

186 2037 343 2065 Verfasser
377 2038 429 2066 der
456 2038 593 2075 Sequenz
622 2040 663 2067 ist:
689 2038 846 2067 vielleicht
872 2040 1052 2076 Birgerus
1075 2040 1264 2076 Gregorii,
1294 2039 1333 2067 da
1361 2039 1405 2067 sie
1431 2039 1463 2066 in
1493 2038 1545 2067 der

188 2077 244 2104 Hs.
265 2077 317 2105 auf
335 2078 402 2105 sein
422 2078 705 2116 Birgittenoffieium
723 2078 809 2115 folgt.

640 2179 701 2213 152.
733 2180 775 2211 De
798 2182 911 2212 sancta
931 2180 1083 2222 Birgitta.

201 2251 262 2285 la.
291 2250 403 2294 Surgit
428 2252 542 2285 mundi
913 2253 969 2287 lb.
998 2253 1095 2287 Stans
1122 2251 1218 2286 fortis
1244 2254 1278 2286 in

337 2304 493 2343 vergente
521 2310 659 2343 vespere
1048 2302 1167 2336 amoris
1194 2301 1329 2336 foedere

290 2351 388 2384 Velut
413 2351 510 2384 stella
1000 2351 1136 2387 Scandit
1163 2351 1327 2385 Christum

337 2399 460 2432 micans
486 2400 519 2432 in
546 2400 680 2433 aethere
1052 2402 1207 2434 decenter
1234 2410 1352 2442 capere

387 2449 539 2490 Birgitta,
568 2458 623 2482 vas
650 2448 777 2489 gratiae
1100 2449 1218 2483 Cordis
1244 2450 1278 2483 in
1305 2451 1447 2491 hospitio

386 2498 538 2539 Rosaque
563 2497 755 2531 munditiae.
1098 2497 1196 2532 Dulci
1225 2499 1402 2533 desiderio.
