1656 2690
711 129 949 164 -92-

173 225 218 259 10
229 235 259 258 a.
288 226 313 259 Ο
340 225 527 266 praesulum

332 274 516 315 perspicua,

290 321 517 355 Confessorum
543 321 722 362 praecelsa,

336 373 434 412 atque
458 369 614 412 virginea,

286 419 456 458 omniaque
481 420 594 450 sancta

284 467 413 508 agmina

174 554 217 587 11
228 563 258 587 a.
285 554 374 594 Quae
397 553 605 585 miseratione
629 562 688 585 sua

285 611 343 635 nos
369 601 479 634 abluat

285 650 326 682 ab
353 650 439 683 omni
463 650 590 682 macula

869 224 953 259 10b.
980 225 1083 266 Quam
1107 224 1245 265 pulchra
1273 226 1350 256 sunt

1030 277 1063 306 et
1087 283 1182 314 quam
1208 273 1314 305 laeta!

981 322 1174 354 Trinitatem
1200 323 1345 354 sanctam

1031 370 1197 403 cernentia
1220 378 1281 410 per
1309 371 1426 401 cuncta

983 415 1046 462 (in)
1073 418 1177 460 gloria
1202 420 1336 450 aeterna

981 468 1120 507 saecula,

866 552 951 586 111).
977 553 1023 585 Et
1047 561 1105 586 5113
1129 552 1252 592 pietate
1276 552 1347 584 sola

980 602 1101 633 sanctis
1127 601 1241 641 iungat

978 650 1012 681 in
1038 650 1097 682 illa
1122 649 1241 690 patria,

522 736 579 770 12.
606 736 646 769 In
672 745 736 777 qua
759 736 830 768 sine
855 735 920 769 fine
939 740 1054 777 regnat

604 793 670 824 pax
694 785 902 825 sempiterna.

238 872 327 907 Trop.
348 880 402 899 ms.
422 870 633 898 Wintoniense
654 878 731 898 saec.
753 867 829 898 10[11.
851 870 922 899 Cod.
938 870 1083 898 Oxonien.
1105 869 1190 897 Bodl.
1206 867 1321 897 775.ss
1342 886 1380 891 -
1404 871 1493 907 Trop-

161 919 214 938 1115.
235 910 444 938 Wintoniense
465 917 540 936 saec.
565 906 609 935 11.
637 908 707 936 Cod.
723 907 847 945 collegii
867 909 953 946 Corp.
969 909 1081 937 Chr-isti
1098 908 1308 945 Cantabrigen.
1322 907 1390 937 473.
1404 910 1439 937 B.
1457 924 1495 928 —

161 950 246 976 Miss.
272 957 327 976 ms.
348 948 453 976 Sarum
476 955 552 975 saec.
576 945 621 974 15.
665 946 734 975 Ood.
755 947 935 975 Londinien.
956 948 1067 975 Lansd.
1086 944 1153 975 432.
1176 946 1207 974 C.
1233 962 1271 966 —
1297 945 1348 983 23,
1372 946 1387 976 1
1408 956 1495 975 sacra

162 990 267 1015 sancta
286 987 319 1015 G.
339 1001 378 1006 —
397 984 450 1020 213,
471 984 490 1013 2
509 985 558 1012 his
578 985 665 1014 ABG.
684 1000 724 1004 —
743 982 796 1018 33,
819 983 838 1013 3
857 986 1004 1014 resultent
1023 987 1057 1014 B.
1078 999 1115 1005 -
1136 982 1190 1019 3b‚
1211 983 1230 1012 2
1250 987 1390 1014 intonent
1408 987 1442 1014 Ο,
1457 1002 1495 1006 -

160 1024 215 1060 43,
236 1024 254 1053 2
285 1034 362 1062 quae
394 1027 465 1053 sunt
495 1024 666 1052 omnimoda
684 1023 776 1058 ABC3
806 1024 1024 1052 Endassonanz
1055 1024 1109 1052 auf
1133 1031 1151 1050 a
1178 1025 1220 1051 ist
1243 1027 1328 1052 sonst
1352 1027 1425 1053 stets
1445 1034 1495 1062 ge-

160 1065 264 1092 wahrt.

344 1062 398 1099 41),
423 1061 438 1090 1
460 1062 650 1090 Proclament
669 1062 728 1090 BG.
749 1076 787 1080 -—
808 1061 859 1097 63,
881 1061 898 1090 5
920 1063 1042 1091 absolve
1057 1063 1088 1091 G.
1102 1077 1142 1081 —
1163 1060 1218 1094 61),
1241 1061 1262 1090 4
1282 1063 1357 1097 Quis
1378 1063 1436 1092 BG.
1457 1078 1496 1083 —-

161 1101 212 1136 61).
232 1101 252 1130 4
272 1112 316 1139 sq.
336 1104 418 1130 vitae
439 1102 648 1135 consequimur
667 1099 894 1138 (consequamur
914 1099 950 1137 B)
970 1109 1080 1137 magna
1101 1100 1194 1129 ABG:
1216 1101 1265 1128 die
1278 1101 1496 1130 Endassonanz

162 1141 314 1178 empfiehlt
327 1139 524 1176 Umstellung.
547 1154 558 1158 -

609 1137 660 1173 9a,
677 1137 692 1167 1
706 1139 769 1166 Ave
783 1139 987 1176 patriarchica
1001 1139 1031 1167 O.
1053 1155 1091 1159 —
1114 1137 1183 1173 lla,
1201 1137 1215 1166 1
1231 1148 1287 1167 sua
1301 1142 1496 1168 miseratione

159 1178 244 1208 ABG.
266 1195 303 1199 —
327 1178 396 1214 113,
419 1176 437 1205 2
457 1178 597 1207 absolvat
617 1177 648 1205 C.
668 1192 708 1197 —
727 1178 858 1206 Melodie
877 1179 955 1206 nach
975 1179 1019 1206 A:
1041 1179 1228 1207 Pretiosa.

605 1301 652 1332 96.
682 1301 726 1332 De
746 1300 894 1332 Omnibus
915 1301 1050 1333 Sanctis.

169 1385 229 1417 13.
257 1384 282 1417 O
309 1393 402 1424 quam
429 1382 533 1414 dulcis
557 1382 617 1414 illa
642 1382 719 1425 vita,

255 1432 294 1465 In
323 1441 386 1472 qua
411 1431 514 1462 sancti
541 1429 668 1471 fulgent
690 1430 738 1462 ita

307 1480 352 1513 Ut
381 1478 478 1511 flores
507 1487 578 1510 cum
603 1477 792 1519 flagrantia!

170 1569 232 1601 2a.
257 1566 309 1600 Ibi
333 1574 448 1599 novem
475 1566 661 1606 angelorum

257 1615 397 1648 Ordines
423 1616 499 1646 sunt
520 1614 688 1646 beatorum

306 1662 536 1696 Collaudantes
561 1663 745 1697 Dominum.

170 1752 231 1785 33.
259 1750 311 1783 Ibi
337 1751 434 1783 decus
460 1749 692 1790 prophetarum

256 1799 331 1831 Non
348 1802 398 1831 est
414 1798 489 1839 vile,
514 1799 572 1831 sed
590 1799 794 1838 praeclarum

302 1847 422 1888 Fulget
446 1856 547 1887 supra
571 1847 691 1881 sidera.

169 1936 230 1969 4a.
259 1934 347 1973 Quae
371 1938 407 1966 ut
430 1933 612 1965 rubicunda
636 1942 711 1965 rosa

254 1982 301 2014 Et
324 1985 361 2014 ut
385 1990 511 2024 gemma
536 1981 681 2022 pretiosa

306 2030 441 2072 Semper
465 2030 512 2062 ibi
537 2030 665 2070 rutilat3

168 2120 229 2151 5a.
256 2118 374 2150 Restat
399 2125 485 2157 ergo,
512 2119 550 2148 ut
574 2125 746 2157 sequamur

254 2166 363 2206 Viam,
389 2173 450 2206 per
475 2174 569 2205 quam
594 2173 777 2196 mereamur

306 2215 368 2247 Illa
393 2212 461 2245 vita
483 2211 619 2253 perfrui.

866 1382 925 1415 11).
951 1383 1038 1415 Vere
1064 1382 1168 1415 dulcis
1194 1385 1242 1414 est
1268 1385 1302 1414 et
1325 1382 1420 1426 bona,

950 1432 989 1464 In
1015 1440 1078 1472 qua
1098 1430 1219 1462 sanctis
1239 1434 1390 1463 crescunt
1408 1431 1493 1464 dona

999 1479 1062 1511 1113
1087 1479 1342 1520 possidentibus

863 1565 923 1599 2b.
950 1565 1003 1599 Ibi
1030 1565 1276 1610 dominationes,

951 1615 1035 1654 Quas
1063 1613 1251 1647 collaudant
1274 1615 1422 1647 nationes

998 1662 1063 1694 Per
1088 1664 1250 1694 terrarum
1275 1663 1442 1698 circulum.

865 1750 927 1784 3b.
955 1749 1108 1791 Sequitur
1133 1750 1365 1792 apostolorum,

950 1798 1134 1839 Martyrum
1162 1800 1195 1829 01
1218 1797 1439 1831 confessorum

1002 1846 1223 1886 Triumphalis
1249 1847 1346 1881 acies,

864 1933 926 1967 4b.
951 1931 1045 1965 Sicut
1069 1933 1151 1965 odor
1177 1933 1335 1965 violarum

952 1982 1122 2022 Virginum
1150 1985 1183 2012 et
1208 1981 1379 2014 viduarum

1002 2029 1127 2062 Chorus
1153 2028 1199 2060 ibi
1225 2030 1362 2062 redolet.

863 2115 924 2150 5b.
951 2115 1083 2149 Utinam
1110 2124 1158 2147 510
1184 2115 1352 2156 faciamus,

953 2164 999 2197 Ut
1023 2165 1127 2204 ipsam
1154 2165 1381 2204 possideamus

1000 2213 1080 2246 Cum
1106 2213 1228 2245 sanctis
1254 2214 1447 2255 agminibus.

235 2302 366 2329 Tractat.
385 2308 439 2328 ms.
455 2298 484 2327 S.
500 2299 645 2327 Bernardi
666 2307 755 2334 super
768 2298 895 2326 Cantica
908 2299 1089 2327 canticorum
1107 2307 1184 2326 saec.
1202 2297 1246 2327 13.
1270 2299 1341 2328 Cod.
1355 2301 1497 2330 Vatican.

158 2341 258 2370 Ottob.
281 2338 346 2369 138.
367 2338 435 2367 add.
459 2346 537 2366 saec.
561 2335 605 2366 13.
626 2337 661 2364 A.
689 2352 727 2356 —
756 2337 846 2366 Grad.
867 2346 922 2364 ms.
942 2337 1327 2376 Franciscano-Romanum
1348 2348 1426 2368 saec.
1450 2340 1495 2369 15.

159 2380 231 2409 eod.
250 2381 377 2409 Roman.
398 2378 472 2405 Vitt.
493 2377 600 2405 Eman.
618 2377 677 2405 XX
687 2375 795 2413 (Varia
814 2373 890 2411 290).
906 2376 940 2403 B.
959 2391 1000 2395 -—
1018 2375 1211 2405 Uberschrift
1229 2378 1263 2405 in
1282 2379 1323 2406 B:
1348 2380 1401 2415 „In
1412 2380 1497 2409 festi-

158 2421 254 2448 vitate
277 2420 411 2447 omnium
431 2418 599 2445 sanctorum
615 2413 799 2452 sequentia“.
820 2430 858 2434 -—
883 2413 935 2449 lb,
949 2413 968 2442 2
990 2415 1068 2450 Quia
1081 2417 1193 2444 sanctis
1208 2417 1242 2444 B.
1262 2434 1303 2439 —-
1319 2418 1412 2447 Beide
1425 2421 1497 2448 Hss.

159 2459 260 2488 bieten
280 2459 329 2487 die
348 2455 488 2486 Melodie.
