1656 2690
697 133 959 169 —186—

618 228 680 261 210.
714 227 757 258 De
779 227 888 259 sancto
909 227 1031 259 Iaccho-

169 288 187 322 1
202 298 230 320 a.
257 289 444 321 Hodiernae
469 289 525 321 lux
552 289 615 320 diei
861 288 922 322 lb.
949 289 1164 325 Immolemus,
1192 287 1269 318 licet
1294 285 1351 328 rei,

254 337 371 369 Iacobo
400 336 455 369 dct
482 336 644 370 Zebedaei
948 336 1150 369 Modulando
1176 343 1270 367 servo
1296 333 1358 365 Dei

304 384 423 417 Votiva
447 385 626 419 sollemnia.
999 385 1121 417 Laudis
1147 381 1318 416 sacrificia.

168 453 227 485 aa.
256 452 460 485 Inhaerendo
487 452 614 486 Christo
640 452 708 493 regi
863 451 921 484 ab.
950 453 1121 492 synagoga
1148 449 1378 489 debacchatur,

254 500 338 532 Dum
365 503 549 533 constanter
574 510 676 533 novae
701 501 764 542 legi
950 500 1001 531 Ab
1029 499 1161 532 Herode
1185 497 1379 538 trucidatur,

303 549 425 581 Fundit
452 549 645 588 testimonia,
998 547 1052 580 Sic
1077 547 1196 588 migrat
1220 546 1263 577 ad
1288 544 1418 586 gaudia.

169 616 227 649 321.
256 616 335 648 Mox
361 625 381 647 a
405 617 471 648 suis
495 618 631 656 Ioppem
657 616 770 653 fertur,
862 615 921 648 3b.
950 615 1061 655 Pavet,
1089 615 1158 647 ovis
1185 613 1244 647 sub
1269 612 1421 654 figmento

253 664 340 696 Hinc
352 665 391 696 ab
403 664 505 697 isdem
520 665 594 696 dum
607 663 814 705 transfertur,
954 663 1038 704 Lupi
1065 664 1163 703 plena
1188 662 1403 702 condimento,

303 712 459 754 Applicat
482 714 516 745 in
541 713 617 746 Iria.
997 712 1047 744 De
1072 712 1174 743 vectis
1201 710 1354 750 Luparia.

172 781 233 814 4a.
261 780 350 822 Rege
373 789 484 812 necem
510 781 662 813 moliente
861 779 922 814 4b.
952 779 1043 812 Colla
1068 779 1164 811 boum
1190 779 1428 817 mansuescunt,

257 828 355 861 Unda
380 829 565 869 praecludit
588 831 723 869 repente
949 827 1059 869 Signis
1081 827 1159 860 visis
1185 826 1397 859 emollescunt

304 876 499 916 Sequentum
524 877 669 918 vestigia.
995 875 1168 908 Matronae
1191 874 1394 916 praecordia.

169 945 229 977 aa.
257 944 445 976 Illustratur
470 953 562 977 sacro
589 953 663 976 rore
864 943 922 979 5b,
950 943 1022 976 Hoc
1047 946 1194 983 patrono,
1222 942 1309 974 vitae
1336 942 1429 983 dono,

256 992 429 1032 Iacobique
452 993 486 1025 in
508 993 630 1024 honore
950 992 1017 1024 Isto
1045 991 1135 1031 duce,
1162 999 1240 1022 vera
1264 990 1337 1021 luce

305 1040 540 1073 Consecrantur
564 1041 711 1080 praedia.
999 1041 1159 1073 Fruamur
1180 1039 1213 1071 in
1240 1038 1353 1078 gloria.

237 1107 320 1134 Miss.
344 1115 395 1134 ms.
418 1107 602 1135 Civitatense
622 1115 697 1135 saec*
722 1105 766 1134 14.
788 1107 859 1135 Ood.
882 1106 1039 1134 Civitaten.
1061 1106 1175 1134 LXXX
1195 1104 1206 1136 ,(
1209 1102 1262 1139 13).
1287 1119 1325 1123 —
1348 1104 1438 1140 Trop.
1460 1107 1491 1132 et

160 1144 299 1180 Sequent.
333 1145 516 1174 civitatense
544 1154 620 1173 saec.
654 1144 698 1173 14.
740 1144 809 1173 Cod.
833 1146 992 1173 Civitaten.
1013 1145 1083 1173 LVI
1103 1142 1169 1180 (20).
1191 1144 1224 1173 B.
1255 1159 1293 1164 —
1324 1142 1413 1172 Grad.
1434 1151 1487 1170 ms.

161 1183 343 1211 Civitatense
370 1192 446 1211 saec.
475 1182 512 1212 14
536 1185 575 1211 in.
620 1183 689 1212 Cod.
712 1183 870 1212 Civitaten.
891 1183 1001 1211 LVHI.
1024 1183 1054 1210 C.
1085 1198 1123 1202 —
1150 1182 1201 1217 4a,
1225 1180 1240 1209 1
1262 1182 1372 1219 Regem
1393 1182 1428 1208 A.
1449 1197 1488 1201 -—

158 1220 210 1256 5b,
231 1219 249 1248 2
270 1222 354 1250 dulce
376 1222 434 1250 AB.
462 1239 498 1243 ——
518 1223 660 1251 Melodie:
691 1222 937 1259 Mai-iensequenz
958 1221 1094 1259 gleichen
1113 1222 1274 1256 Antanges.

603 1297 658 1328 211.
688 1297 732 1328 De
753 1299 861 1328 sancto
880 1295 1041 1328 Ianuario.

170 1359 230 1391 la.
258 1357 354 1391 Salve
378 1362 480 1398 pater,
506 1359 639 1399 praesul
660 1366 791 1398 summe,
863 1357 919 1391 1b.
947 1357 1053 1397 Salve,
1081 1361 1184 1390 victor
1205 1358 1374 1398 gloriosus,

258 1406 373 1447 Gregis
401 1407 521 1439 Christi
546 1410 658 1446 pastor
683 1406 777 1445 alme,
948 1406 1077 1445 Martyr
1104 1409 1265 1447 constans,
1292 1407 1459 1447 vigorosus

306 1455 426 1487 Noster
451 1454 610 1488 Ianuarie.
998 1454 1091 1487 Fidei
1119 1454 1303 1487 certamine.

168 1524 230 1555 Za.
258 1522 354 1554 Salve
371 1522 474 1560 miles,
492 1523 624 1555 vincens
638 1525 791 1562 monstra,
863 1522 921 1554 2b.
950 1521 1057 1563 Salve,
1083 1522 1192 1554 lumen
1214 1522 1372 1564 veritatis,

255 1572 377 1611 Ignem,
401 1571 524 1612 plagas,
543 1571 656 1602 mortis
675 1573 790 1612 castra,
948 1572 1050 1603 Amor
1074 1579 1205 1603 vemens
1232 1570 1388 1611 caritatis,

304 1618 486 1651 Nervorum
512 1618 683 1653 excidium.
996 1619 1092 1651 Fidei
1116 1619 1281 1651 auxilium.

171 1689 231 1722 3a.
259 1686 364 1727 Salve,
392 1687 503 1719 consul
528 1686 731 1726 bellatorum,
861 1686 921 1720 3b.
950 1686 1056 1728 Salve,
1082 1695 1196 1719 norma
1220 1686 1413 1726 sanctitatis,

255 1735 376 1777 Robur,
404 1735 506 1767 virtus
532 1735 691 1766 sociorum
950 1735 1046 1769 Sidus
1072 1735 1258 1775 splendens
1284 1734 1439 1767 bonitatis

308 1784 370 1816 Pro
397 1783 524 1816 Christo
551 1784 752 1815 certantium.
998 1784 1043 1816 Et
1067 1783 1222 1815 virtutum
1247 1784 1423 1823 specimen.

167 1853 227 1884 4a.
256 1851 362 1893 Salve,
391 1851 488 1883 decus
514 1851 711 1893 angelorum,
862 1851 924 1885 4b.
952 1851 1060 1894 Salve,
1087 1851 1173 1883 salus
1200 1854 1417 1893 peccatorum,

255 1899 368 1932 Honor
381 1908 522 1932 summus
532 1908 793 1942 comprensorum
950 1899 1052 1932 Tutor
1076 1900 1208 1939 grandis
1239 1899 1443 1933 subditorum

307 1948 525 1990 Supernorum
553 1948 680 1983 civium.
996 1948 1175 1980 Beneventi
1201 1947 1327 1980 civium.

171 2017 230 2049 5a.
259 2015 365 2057 Salve,
393 2018 500 2048 rector
524 2019 655 2049 nostrae
679 2016 780 2057 urbis,
863 2015 923 2049 5b.
950 2016 1044 2049 Cives
1072 2024 1147 2056 ergo
1173 2021 1208 2048 tu
1232 2016 1370 2049 intende

255 2064 295 2096 In
321 2073 384 2104 qua
399 2064 496 2106 iaces,
523 2073 644 2107 manes,
673 2065 793 2098 dormis
950 2064 1037 2097 Tuos
1064 2067 1196 2096 cunctos
1223 2067 1256 2096 et
1282 2064 1423 2098 defende

309 2113 463 2153 Corpore,
489 2113 733 2154 Parthenopae3
999 2111 1052 2145 Ab
1079 2113 1164 2144 omui
1190 2113 1346 2156 periculo,

549 2181 578 2214 6.
607 2180 654 2213 Ut
678 2180 795 2213 salvati
819 2180 947 2221 possint
970 2181 1033 2212 tuti

605 2227 650 2260 Et
673 2229 706 2260 in
734 2229 814 2260 caeli
840 2229 910 2261 loco
935 2229 1014 2261 laeti

652 2276 744 2308 Fieri
766 2285 828 2317 per
852 2277 999 2318 gloriam.

240 2333 325 2361 Miss.
346 2341 396 2361 ms.
418 2333 569 2361 Minor-um
589 2333 792 2361 Melitensium
815 2334 886 2361 anni
908 2331 992 2361 1506.
1033 2334 1104 2361 God.
1125 2335 1223 2362 Vatic.
1245 2334 1345 2362 Ottob.
1366 2332 1433 2362 221.
1454 2352 1493 2356 —

167 2372 219 2408 lb,
234 2370 252 2399 3
273 2373 451 2400 certaminis.
471 2387 509 2391 —
529 2369 580 2405 Za,
597 2370 611 2399 1
633 2373 756 2399 vincens
775 2375 887 2400 nostra.
909 2387 946 2391 —
968 2371 1021 2408 2a,
1036 2369 1055 2400 2
1075 2373 1210 2409 plangas.
1231 2387 1271 2391 -
1291 2371 1345 2408 22,
1358 2372 1376 2402 3
1389 2374 1439 2402 Et.
1454 2390 1493 2394 —

163 2411 217 2446 210,
238 2409 256 2438 2
277 2412 368 2439 Amor
389 2412 511 2439 veniens
531 2408 918 2447 (vemens=vehemens?).
938 2425 972 2430 —·
997 2410 1047 2443 5a,
1066 2410 1080 2438 1
1102 2415 1222 2440 nostrae
1242 2412 1351 2441 verbis.
1373 2427 1411 2433 —-
1432 2412 1459 2449 6,
1475 2413 1491 2442 1

162 2452 215 2486 Et3
238 2453 310 2478 tute.
338 2467 368 2472 —-
389 2448 416 2485 6,
436 2448 455 2477 2
477 2449 559 2478 caelo
579 2449 640 2477 loci
660 2450 747 2478 laete.
