1656 2690
184 227 245 258 2a.
273 225 378 258 Sectis
405 234 480 265 rege
506 225 595 266 virgo
621 228 698 258 nata
879 228 939 260 21».
965 229 1044 262 Visu
1071 231 1162 261 caret,
1185 228 1363 267 oculorum,

273 274 393 306 Christi
419 273 491 312 lege
514 276 563 304 est
588 276 701 306 renata
965 277 1055 309 Luce
1081 276 1183 308 claret
1207 274 1394 306 meritorum

322 322 420 355 Sacro
447 319 536 352 fonte
561 321 694 364 gratiae,
1013 325 1174 363 Tempore
1198 321 1365 354 infantiae.

186 389 246 421 3a.
275 388 439 421 Servitute
462 388 665 420 servulorum
880 390 929 423 3b
971 392 1032 423 Pro
1058 391 1163 423 salute
1188 390 1354 422 oculorum

274 436 382 468 Ducta
407 438 476 467 tute
501 436 543 468 ad
571 436 737 469 Gallorum
968 438 1033 479 Spe
1060 440 1178 471 virtute
1201 437 1368 470 beatorum

324 484 479 517 Pervenit
503 483 686 526 confinium,
1015 486 1114 519 Petiit
1140 485 1309 518 Leodium.

184 553 246 584 4a.
272 551 310 584 In
337 554 450 592 aperto
475 552 546 584 Deo
574 552 672 584 dante
881 553 941 586 4b.
970 553 1082 586 Carnis
1108 553 1200 585 vultu
1225 553 1383 595 speciosa,

273 599 318 632 Et
340 599 517 633 Lamberto
543 599 740 641 suffragante
966 602 1029 634 Dei
1055 602 1143 634 cultu
1167 601 1310 641 gloriosa

321 648 431 680 Visum
457 649 596 689 sumpsit
620 649 732 684 oculis.
1015 650 1132 682 Fidem
1158 648 1267 682 firmat
1292 649 1432 690 populis,

186 718 247 749 5a.
275 715 392 756 Spreto
418 716 512 749 thoro
539 717 700 757 coniugali
883 717 942 751 5b.
969 718 1086 751 Mundi
1111 715 1223 749 florem
1250 720 1283 749 et
1308 719 1466 759 ornatum,

274 765 371 804 Cupit
398 764 495 796 choro
521 765 673 805 virginali
967 765 1166 808 Genitorem‚
1197 766 1395 798 dominatum

322 813 439 845 Vivere
465 813 498 844 in
523 813 636 853 gloria,
1014 814 1145 846 Deserit
1172 822 1243 846 cum
1263 814 1381 854 patria.

186 881 246 912 6a.
274 880 425 912 Tendens
451 882 558 911 mente
582 880 624 912 ad
652 880 761 912 divina
882 881 942 914 6b.
972 881 1095 923 Corpus
1121 881 1208 922 terit,
1237 889 1292 913 cor
1318 879 1489 921 confortat,

273 927 314 960 Sc
339 928 398 959 sub
425 931 520 968 gente
546 928 789 961 Thessandrina
965 930 1085 962 Hostes
1111 927 1187 960 ferit
1214 932 1246 961 et
1270 931 1420 969 reportat

319 976 463 1017 Impouit
486 977 626 1016 tugurio,
1014 977 1227 1017 Triumphum
1254 977 1296 1009 de
1319 977 1410 1011 vitio.

187 1044 205 1075 ¹7
219 1052 248 1076 a.
276 1043 355 1075 Post
380 1043 526 1075 mortalis
552 1044 639 1075 vitae
665 1052 792 1075 cursum
885 1046 903 1077 7
912 1044 943 1077 b.
970 1045 1085 1078 Multis
1108 1044 1213 1076 modis
1239 1045 1321 1077 haec
1341 1043 1465 1076 afflicta

276 1091 329 1123 Ad
356 1091 464 1124 vitalis
490 1092 581 1132 regni
605 1101 731 1123 sursum
969 1093 1041 1126 Ocla
1065 1092 1136 1126 odis
1163 1095 1213 1124 est
1238 1093 1372 1125 addicta

323 1137 534 1172 Transfertur
559 1138 707 1181 fastigia3
1021 1140 1187 1182 Virginum
1205 1141 1341 1175 laetitia.

188 1207 248 1239 8a.
278 1206 407 1239 Christo
435 1206 532 1238 caelis
559 1211 722 1248 coronata,
880 1208 942 1241 8b.
969 1208 1087 1249 Aegris
1115 1208 1200 1240 dona
1225 1208 1373 1240 sanitatis

274 1255 376 1286 Terra
402 1254 494 1286 melis
521 1253 726 1294 frequentata
968 1256 1035 1288 Dat
1058 1259 1208 1288 matrona
1233 1257 1376 1298 pietatis,

322 1303 447 1336 Colitur
472 1302 676 1343 christicolis,
1014 1305 1136 1337 Terrae
1160 1304 1247 1336 salus
1273 1305 1399 1339 incoliS.

186 1371 249 1403 9a.
276 1370 382 1402 Vitam
408 1378 516 1410 prece,
544 1370 624 1410 Oda,
651 1370 781 1411 munda,
879 1371 939 1404 9b.
967 1373 1013 1406 Ut
1039 1373 1202 1404 solvemur
1226 1372 1266 1405 ab
1293 1372 1343 1404 his
1369 1373 1463 1404 malis

273 1418 389 1451 Mundi
415 1416 507 1449 faece
532 1418 572 1450 ab
597 1418 763 1450 immunda
965 1420 1011 1452 Et
1033 1420 1191 1452 laetemur
1217 1421 1390 1452 aeternalis

321 1465 447 1498 Munda
471 1475 528 1498 nos
556 1466 736 1506 clementia,
1012 1468 1159 1501 Luminis
1184 1469 1380 1507 praesentia.

252 1543 340 1571 Grad.
368 1551 421 1570 ms.
450 1542 674 1571 Boscoducense
700 1552 776 1572 saec.
808 1542 851 1571 15.
894 1544 965 1572 Cod.
993 1545 1081 1572 Arch.
1103 1544 1134 1572 S.
1159 1545 1282 1573 Ioannis
1305 1545 1504 1574 Boscoducen.

217 1590 247 1608 n.
268 1597 305 1601 —
327 1579 377 1617 3a,
399 1578 417 1609 3
439 1580 577 1609 confinia.

183 1786 243 1819 la.

714 130 980 165 —234—

618 1704 685 1736 269.
720 1703 763 1736 De
784 1707 893 1738 sancto
916 1705 1055 1738 Onofrio.

270 1786 397 1827 Lingua
421 1788 548 1817 tuarum
574 1787 747 1827 praeconia

318 1834 438 1875 Nequit
463 1835 618 1867 virtutum

368 1885 548 1926 contexere,

271 1931 388 1964 Coetus
415 1931 556 1963 exsultat
581 1932 751 1965 harmonia

319 1979 418 2021 Caeli,
445 1988 528 2020 quae
552 1979 642 2013 fovet

881 1788 939 1823 lb.

967 1790 1088 1822 Merita
1112 1791 1169 1822 tua
1195 1790 1341 1822 recolere

1014 1838 1136 1871 Nostra
1161 1847 1225 1870 non
1251 1839 1330 1871 sinit

1061 1886 1234 1928 fragilitas,

964 1935 1055 1975 Quod
1080 1935 1144 1967 ista
1171 1935 1255 1967 desit
1282 1937 1452 1980 extollere,

1015 1983 1135 2016 Christi
1158 1984 1311 2024 suppleat

366 2031 524 2069 retexere,
1061 2032 1254 2074 humanitas,

317 2077 404 2116 Quae
428 2079 541 2108 nostra
563 2078 676 2118 nequit
1014 2080 1062 2112 Te
1087 2088 1214 2120 quoque
1240 2081 1348 2114 colens

367 2124 559 2164 exprimere.
1064 2128 1229 2162 divinitas.

491 2203 522 2233 2.
551 2202 732 2235 Gomscans
758 2204 870 2237 aether
892 2206 1078 2250 coniubilat,

594 2249 753 2283 Laetatur
779 2253 859 2284 caeli
884 2254 1012 2296 militia,

548 2296 692 2340 Suscipit
717 2299 865 2332 Christus
892 2304 925 2333 et
949 2302 1076 2336 baiulat

596 2347 636 2379 In
662 2347 786 2379 caelum
810 2351 844 2380 te
869 2358 940 2384 cum
965 2349 1100 2384 laetitia.

597 2395 760 2427 Pellentes
788 2405 863 2437 ergo
891 2397 1038 2430 convicia

597 2442 716 2476 Procul
743 2447 907 2477 cantemus
933 2446 1087 2481 Alleluia.
