1656 2690
707 120 969 155 —128-—

605 213 671 245 139.
704 213 746 244 De
767 213 879 245 saneta
900 213 1054 245 Barbara.

185 278 200 309 1
217 286 247 310 a.
273 277 375 310 Laeto
402 276 501 308 corde
525 284 712 307 resonemus
877 275 936 309 ib.
962 275 1016 308 Ex
1039 286 1103 316 qua
1127 278 1261 309 manant
1283 275 1441 315 arguendi

268 325 311 357 Et
337 324 371 356 in
398 332 473 355 arce
498 323 669 356 iubilemus
964 323 1056 355 Medi
1082 328 1170 356 recte
1196 327 1229 356 et
1254 323 1384 355 vivendi

315 373 370 405 Ad
395 372 502 412 ipsam
527 381 596 405 cum
625 371 770 414 canticis,
1016 371 1054 403 In
1079 371 1190 414 figuris
1216 371 1356 403 caelicis.

180 432 238 462 2a.
266 429 351 469 Quos
365 430 408 462 ad
421 430 561 470 pn'mam
574 433 652 462 tunc
666 429 808 471 reduxit,
877 429 938 463 zb.
966 428 1005 461 In
1033 438 1095 470 qua
1120 430 1210 461 nulla
1235 428 1398 469 reperitur

265 478 305 511 In
332 478 510 511 Barbaram
539 478 613 511 dum
642 476 769 511 effluxit
965 477 1134 521 Negativa,
1161 478 1220 510 sed
1245 477 1388 509 nescitur

318 527 480 561 Universa
504 527 627 568 gratia:
1013 526 1145 566 Mentis,
1174 525 1280 559 carnis
1305 526 1442 559 macula.

179 585 240 618 321..
268 585 314 618 Ut
340 585 478 617 exermis
505 593 602 617 carne
627 587 734 617 mente
878 584 937 619 3b.
964 583 1056 616 Haec
1083 585 1241 617 conclusit
1267 592 1360 615 omne
1385 592 1507 622 verum,

271 634 372 666 Recto
399 633 499 666 verbo
523 634 714 666 inhaerente
962 631 1047 664 Dum
1055 633 1256 673 ensprimum
1267 632 1507 664 clauditrerum

317 683 380 715 Per
408 682 526 714 amoris
549 682 712 714 vinculum
1016 681 1082 713 Per
1105 682 1259 722 illapsum
1286 680 1451 713 caelicum.

177 741 239 773 4a.
266 739 428 779 Martyrio
458 744 491 772 et
517 740 675 779 doctrina,
874 739 935 772 4b.
965 739 1085 771 Vertex
1114 740 1181 771 eius
1208 739 1312 771 crucis
1339 739 1430 779 signo

270 787 427 820 Castitate
453 788 544 827 quasi
569 788 656 819 trina
964 786 1047 819 Dum
1075 788 1227 828 munitur,
1254 795 1324 818 cum
1350 787 1490 827 maligno

316 835 355 867 1))
380 833 485 875 figura
510 835 666 875 disputat.
1011 835 1116 867 Hoste
1140 836 1227 868 trino
1254 835 1397 867 dimicat.

184 894 241 925 5a.
269 892 373 924 Deum
397 892 519 924 trinum
544 902 642 924 unum
670 892 773 933 docet,
872 893 932 927 5b.
960 892 1086 933 Sponsa
1112 893 1232 927 Christi
1260 893 1334 933 quia
1361 892 1476 933 credit,

268 941 367 973 Pater
391 940 504 981 saevit,
532 941 589 973 sed
615 950 677 973 non
705 943 799 973 nocet
962 940 1092 974 Murum
1119 942 1238 973 transit
1263 943 1294 972 et
1318 950 1381 973 non
1402 940 1507 973 laedit

319 988 434 1021 Statim
462 989 528 1020 eius
552 989 689 1029 gladius
1010 989 1112 1022 Velut
1136 990 1219 1021 lucis
1244 989 1365 1022 radius.

179 1047 238 1079 62.
265 1045 456 1086 Flagellata,
485 1049 699 1088 concremata,
874 1047 934 1081 6b.
957 1047 1048 1079 Inter
1082 1056 1204 1087 poenas
1230 1055 1323 1086 quam
1351 1056 1501 1080 amoenas

265 1093 386 1126 Eculeo
411 1096 616 1134 tormentata,
967 1096 1044 1127 Veri
1069 1096 1169 1127 sentit
1194 1094 1293 1127 fontis
1320 1104 1417 1127 venas

314 1141 459 1174 Adflicta
486 1143 664 1182 suppliciis,
1012 1144 1130 1176 Innixa
1156 1143 1299 1176 deliciis!

181 1200 240 1233 7a.
268 1200 374 1232 Patris
402 1199 495 1231 domo
523 1203 573 1232 est
598 1203 708 1242 eiecta,
876 1202 934 1235 7b.
963 1200 1093 1234 Caelum
1121 1210 1215 1233 orans
1244 1200 1318 1232 dum
1337 1201 1473 1244 aspexit,

266 1247 399 1280 Terram
427 1248 541 1279 circuit
568 1252 604 1280 ut
628 1249 790 1289 despecta,
966 1248 1056 1281 Stola
1081 1250 1202 1282 munda
1224 1248 1309 1281 hanc
1334 1250 1477 1289 protexit

313 1295 487 1328 Denudata
511 1297 658 1337 penitus3
1010 1297 1164 1330 Formata
1193 1297 1357 1329 divinitus.

181 1353 242 1385 Sa.
269 1353 340 1396 Eia,
368 1354 470 1394 virgo,
497 1363 555 1385 nos
581 1362 728 1396 agnosce,
873 1356 934 1390 8b.
963 1355 1041 1387 Vita
1065 1355 1129 1387 ista
1156 1356 1231 1388 dum
1256 1363 1440 1397 gravamur,

269 1402 478 1434 Sacramento
504 1410 562 1433 nos
590 1403 729 1442 deposce
961 1403 1009 1435 Ut
1034 1406 1167 1443 aspectu
1193 1411 1375 1435 mereamur

317 1449 494 1482 Salvatoris
520 1449 620 1493 refici,
1011 1450 1174 1484 Creatoris
1199 1450 1324 1492 perfici.

249 1515 334 1542 Miss.
361 1523 414 1543 ms.
444 1515 473 1543 S.
495 1513 679 1553 Sigismundi
701 1516 932 1547 Cremifanensis
960 1526 1036 1545 saec.
1061 1516 1106 1545 15.
1133 1519 1174 1545 in.
1214 1516 1284 1546 God.
1309 1516 1504 1546 Cremifanen.

176 1552 225 1581 41.
247 1554 281 1580 A.
303 1569 341 1572 —
361 1554 445 1582 Miss.
466 1563 520 1582 ms.
541 1555 719 1583 Pataviense
742 1565 817 1585 saec.
843 1556 887 1585 15.
910 1556 980 1585 eod.
1002 1557 1207 1584 sitanstetten.
1229 1554 1294 1583 247.
1310 1557 1341 1584 B.
1362 1572 1402 1575 —
1421 1558 1505 1585 Miss.

172 1601 225 1619 ms.
256 1592 465 1629 Alrispacense
490 1601 566 1621 saec.
597 1592 640 1621 15.
669 1594 741 1622 Clm.
768 1596 923 1624 Monacen.
951 1592 1036 1623 2873.
1056 1594 1086 1622 C.
1112 1610 1149 1614 —
1175 1595 1259 1624 Miss.
1285 1604 1339 1623 ms.
1367 1595 1506 1632 Speciale

173 1630 285 1665 (incert.
307 1629 425 1668 origin.)
446 1639 522 1659 saec.
546 1630 590 1659 15.
623 1632 692 1661 Cod.
713 1633 837 1662 Linceu.
859 1637 887 1663 Γ
906 1643 924 1671 q
945 1631 971 1661 9.
992 1634 1028 1661 D.
1051 1648 1087 1653 —
1108 1634 1197 1662 Grad.
1217 1642 1271 1662 ins.
1291 1633 1506 1672 Aquilegiense

172 1677 249 1697 saec.
269 1668 313 1697 15.
343 1669 414 1698 Cod.
435 1670 573 1706 Archiep.
592 1671 714 1699 Utinen.
735 1673 799 1700 1001.
820 1671 867 1701 34.
886 1674 924 1701 E.
952 1687 984 1691 —
1008 1673 1094 1700 Miss.
1116 1673 1271 1701 Misnense
1289 1674 1361 1709 imp.
1381 1674 1507 1710 Lipsiae

176 1706 258 1736 1510.
274 1709 306 1736 F.
329 1725 365 1728 —
387 1706 473 1736 steht
486 1709 562 1736 auch
577 1711 632 1737 im:
648 1710 730 1738 Miss.
746 1712 959 1748 Aquilegiense
974 1712 1044 1747 imp.
1060 1712 1212 1748 Augustae
1225 1711 1357 1747 (Radolt)
1372 1710 1455 1740 1494.
1467 1728 1506 1732 —

170 1747 255 1774 Miss.
275 1747 426 1784 Pragense
446 1749 515 1783 imp.
537 1748 671 1777 Venetiis
694 1747 776 1778 1503.
809 1766 844 1769 —
875 1749 924 1785 la,
948 1748 962 1778 1
984 1750 1060 1778 'roto
1081 1750 1147 1785 ΒΕ,
1169 1751 1263 1779 Laeto
1284 1750 1392 1786 plausu
1415 1751 1445 1779 C.
1468 1767 1505 1771 —

173 1783 223 1819 lb,
248 1783 262 1812 1
283 1789 386 1814 manat
407 1785 523 1814 BODE.
553 1802 570 1806 —
622 1786 671 1822 lb,
694 1785 711 1814 2
731 1789 838 1817 Modus
858 1788 979 1823 BODE;
1001 1789 1076 1816 recti
1095 1789 1130 1822 A,
1151 1799 1228 1818 ·vere
1249 1791 1278 1816 et
1297 1789 1332 1817 E.
1368 1807 1389 1810 —
1414 1788 1464 1825 aa,
1488 1789 1506 1818 2

170 1824 303 1852 Barbara
324 1824 394 1852 dum
414 1825 453 1860 A;
475 1827 546 1853 tunc
566 1826 681 1854 BCDE-
712 1843 748 1847 —
780 1826 833 1863 2a,
855 1826 873 1856 3
894 1828 1082 1856 Universalis
1102 1828 1162 1856 AF.
1184 1843 1221 1847 —
1243 1825 1296 1862 21),
1324 1827 1338 1855 1
1360 1831 1506 1864 repetitur

170 1863 204 1890 A.
227 1879 264 1883 -
285 1861 338 1899 3a,
354 1862 368 1891 1
389 1865 528 1891 extremis
543 1866 641 1892 carnis
655 1864 769 1893 ABCD.
790 1881 828 1886 —
849 1864 931 1901 3a‚2
951 1865 1056 1894 Centro
1071 1867 1131 1894 AF.
1153 1882 1189 1886 —
1211 1865 1264 1900 3b,
1278 1864 1292 1893 1
1315 1867 1376 1894 Hic
1388 1867 1505 1902 BGDE,

171 1902 219 1929 Sic
241 1902 280 1937 Ε,
308 1902 435 1930 exclusit
460 1901 497 1929 E.
524 1917 561 1922 —-
588 1900 639 1939 31),
662 1901 680 1930 2
707 1904 827 1932 claudat
853 1905 896 1941 Ε,
924 1905 1034 1933 clausit
1060 1904 1147 1933 BCD.
1183 1920 1220 1924 ——
1246 1903 1299 1939 4a,
1323 1903 1338 1932 1
1358 1906 1504 1942 Mai-tyrio

173 1941 356 1969 instructura
370 1942 405 1969 Ε.
428 1956 464 1960 ——
486 1939 541 1976 4a,
558 1939 576 1968 2
598 1942 692 1976 Quasi
704 1944 784 1970 trina
797 1945 830 1971 in
842 1942 939 1980 figura
952 1943 1039 1970 BGE.
1062 1957 1094 1961 —
1112 1942 1162 1977 4a,
1176 1941 1194 1971 3
1210 1943 1356 1972 Castitate
1370 1944 1456 1973 BCE.
1470 1961 1505 1965 -

171 1977 221 2013 4b,
246 1977 263 2005 2
288 1979 367 2007 Dum
394 1980 534 2008 inimicus
564 1988 583 2007 a
612 1981 743 2016 maligno
769 1982 804 2009 A.
837 1996 874 2000 —
905 1981 956 2016 ‹5a⁷
986 1979 1003 2007 2
1029 1981 1132 2009 Saevit
1158 1986 1243 2018 pater
1265 1982 1324 2010 AF.
1352 1997 1391 2001 —
1416 1982 1466 2018 5a,
1488 1983 1506 2013 3

172 2016 289 2045 Statum
311 2019 346 2046 D.
376 2033 411 2038 --
440 2017 492 2053 51),
517 2017 531 2046 1
553 2019 699 2055 Sponsam
720 2019 760 2056 Ε,
783 2029 901 2057 quoque
922 2021 964 2054 Ε;
987 2020 1066 2047 cedit
1085 2020 1173 2049 AEF.
1201 2036 1239 2040 —-
1259 2019 1312 2055 51),
1334 2019 1352 2048 2
1373 2023 1425 2050 sed
1445 2032 1507 2051 non

170 2056 204 2083 A.
302 2056 351 2091 (ia,
374 2056 391 2084 2
417 2057 524 2085 ΕοηΙειί
551 2058 626 2085 haec
651 2061 799 2086 tormenta
818 2059 855 2086 E.
888 2074 927 2078 —
955 2055 1006 2092 62,
1028 2056 1046 2086 3
1066 2058 1185 2087 Adflixa
1203 2058 1262 2094 BG,
1283 2060 1392 2089 Adfixa
1410 2061 1446 2089 E.
1467 2078 1506 2082 —

172 2093 226 2128 612,
249 2093 264 2121 1
285 2095 367 2123 Inter
387 2098 488 2132 portas
509 2097 543 2123 A.
567 2111 602 2115 —
627 2095 679 2130 61),
701 2094 718 2124 3
738 2096 836 2124 Infixa
858 2096 894 2125 D.
919 2112 954 2116 —-
974 2095 1025 2130 721,
1048 2096 1062 2124 1
1086 2095 1203 2126 deiecta
1219 2098 1255 2126 E.
1278 2113 1315 2120 —-
1336 2098 1387 2134 7a,
1409 2099 1427 2127 2
1444 2110 1505 2129 cer-

171 2134 219 2160 nit
238 2133 289 2161 sed
310 2134 345 2160 E.
365 2149 406 2153 —-
425 2131 478 2167 Sa,
501 2132 519 2162 3
540 2134 672 2163 Salutari
690 2135 776 2163 ssOE.
798 2152 836 2155 —
857 2134 910 2170 81),
932 2136 949 2164 5
971 2134 1137 2164 salvatoris
1159 2137 1240 2166 refici
1260 2137 1293 2165 F.
1310 2153 1314 2156 -
1360 2139 1503 2168 Melodie.

169 2171 373 2200 Elisabeth
393 2172 614 2201 Zachariae.
651 2192 663 2195 -
697 2174 754 2201 Cfr.
776 2174 916 2209 Kehrein‚
937 2174 989 2203 ΝΥ.
1011 2172 1081 2211 8583
1104 2175 1171 2203 dort
1191 2175 1245 2204 auf
1261 2176 1416 2214 Noburga!

613 2267 676 2298 140.
711 2266 754 2298 De
775 2268 884 2299 sancto
905 2267 1063 2300 Barnaba.

182 2338 241 2371 la.
269 2337 355 2370 Dum
380 2337 521 2379 sphaera
547 2339 627 2372 caeli
653 2339 804 2382 volvitur,
878 2340 936 2374 ib.
965 2339 1025 2378 Qui
1050 2349 1109 2380 spe
1134 2344 1289 2374 venturae
1316 2343 1440 2382 gloriae

269 2387 443 2420 Praeclara
472 2386 540 2418 dies
567 2387 670 2420 oritur
963 2388 1148 2421 Commotus
1174 2393 1207 2421 et
1233 2390 1406 2424 dulcedine

317 2434 486 2468 Barnabae
508 2436 668 2478 apostoli3
1011 2437 1103 2470 Vana
1127 2438 1240 2471 horret
1265 2441 1396 2474 saeculi.
