1656 2690
699 138 936 173 -43-

156 235 215 266 2a.
245 233 346 273 Quam
374 235 525 267 coneedit
551 236 683 277 copiosa
859 237 920 271 2b.
947 236 1085 269 Dicatur
1111 236 1141 267 ei
1165 234 1271 276 gratia

246 284 371 315 cantari
397 282 460 315 sibi
485 283 602 324 gratia.
944 293 1073 326 semper
1099 287 1132 316 et
1153 286 1316 326 pangatur
1341 284 1463 323 nostra,

155 361 218 393 3a,
245 360 315 400 Qua
339 369 398 393 nos
427 359 505 393 feeit
532 363 565 392 et
589 371 608 393 a
633 370 739 402 poena
856 362 915 397 3b.
943 362 1062 395 Debita
1090 361 1256 394 dimittens
1283 363 1398 392 cuncta

243 408 385 441 redemit
409 418 546 450 summa,
944 413 977 442 et
1001 410 1130 451 piacula

155 487 216 519 4a.
244 485 387 518 Parcens
412 491 535 526 nostra,
857 488 920 523 41).
946 487 1044 520 Eruit
1069 490 1142 520 atra

241 537 274 566 et
299 544 319 567 a
343 538 449 567 morte
473 535 616 576 pessima
943 535 1176 576 confringendo
1201 534 1319 570 infera.

152 614 212 646 5a.
241 612 369 653 Nempe
395 613 484 645 clara
510 617 618 646 mente
643 622 768 646 summa
857 614 916 648 5b.
944 613 1040 645 Illum
1066 622 1129 645 vox
1156 612 1318 646 collaudet
1344 615 1456 644 nostra

241 670 366 694 necnon
394 664 427 693 et
451 662 704 695 concordissima
941 665 1039 702 atque
1064 661 1185 701 psallat
1212 660 1403 694 humillima.

152 740 211 772 6a.
240 737 291 771 Sit
316 739 490 772 benedicta
854 738 915 773 6b,
938 738 984 771 Et
1010 741 1100 771 tanta
1126 738 1212 771 bona

239 795 368 827 semper
393 787 566 829 unitasque
591 787 716 827 inclita,
939 787 1077 828 largitur
1103 787 1193 819 nulla
1218 795 1279 826 per
1305 786 1422 818 merita

238 845 321 876 quae
345 835 446 877 gratis
940 835 996 867 sed
1022 835 1092 868 sola

240 888 352 917 nostra
377 884 474 926 pellit
498 884 585 917 mala
940 884 1064 924 pietate
1089 893 1157 918 sua.

152 964 212 996 7a.
239 961 404 996 Efferatur
431 971 506 1003 ergo
532 962 580 995 ita
854 962 913 995 7b.
941 962 988 995 Ut
1014 962 1055 994 de
1079 961 1190 993 multis
1219 959 1275 992 fiat
1300 969 1363 992 una

240 1019 330 1043 mens
356 1011 518 1053 unanima,
941 1010 1034 1042 illum
1061 1018 1182 1042 cernua

153 1089 214 1122 8a.
242 1089 394 1127 Poscens‚
424 1097 485 1129 quo
506 1089 538 1120 in
557 1088 650 1120 nobis
670 1092 787 1128 coepta
855 1088 914 1122 8b.
942 1088 989 1121 Ut
1014 1087 1206 1128 quandoque
1231 1087 1404 1119 terminata

241 1133 335 1181 [sint]
365 1139 596 1179 consummata,
941 1136 1107 1175 praesenti
1133 1136 1202 1168 vita

508 1204 539 1238 9.
567 1203 753 1236 Laudemus
780 1213 850 1236 eum
876 1204 910 1236 in
935 1204 1074 1236 saecula.

217 1291 468 1327 Martyrologium
490 1298 544 1318 ms.
558 1291 761 1319 Modoitiense
781 1288 817 1326 ('?)
843 1299 919 1319 saec.
936 1289 953 1318 9
974 1299 1018 1318 ex.
1051 1290 1121 1319 Cod.
1143 1291 1238 1327 Capit.
1260 1290 1407 1318 Veronen.
1429 1289 1483 1318 XC

137 1327 204 1366 (85).
225 1344 264 1349 —-
285 1327 338 1365 210,
369 1328 383 1358 1
417 1338 460 1366 sq.
483 1338 599 1365 semper
619 1330 726 1367 gratia.
750 1344 784 1349 —
808 1327 860 1364 6b,
884 1327 898 1357 1
921 1338 964 1365 sq.
986 1329 1114 1367 largitur
1134 1330 1222 1358 bona.
1244 1343 1281 1347 —
1306 1327 1357 1363 7b,
1381 1326 1396 1355 1
1418 1330 1484 1356 viat

137 1370 202 1397 ita?
224 1383 260 1389 —-
282 1366 334 1403 8a,
357 1367 375 1396 2
396 1376 580 1396 consumma.
605 1383 638 1387 —
662 1365 718 1402 81³,
741 1366 759 1395 2
779 1370 956 1405 praesentis.

644 1482 689 1514 41.
721 1482 780 1514 Die
801 1481 974 1514 Dominiea.
1002 1456 1005 1459 ¹

531 1564 561 1597 1.
589 1563 703 1597 Gloria

585 1615 759 1646 resonante
784 1612 1005 1652 cymbalarum

589 1662 746 1694 eeclesiae
770 1664 964 1703 prorumpat

587 1711 636 1743 sic
660 1719 723 1742 vox
751 1709 940 1743 dulcisona:

148 1791 208 1823 2a.
236 1789 287 1823 Sit
311 1790 383 1822 laus
409 1797 548 1822 vernans
850 1787 909 1822 21).
937 1786 1082 1820 Luciferi

237 1837 308 1877 tibi,
337 1837 477 1877 Christe,
504 1846 634 1877 semper
939 1839 1014 1868 ante
1039 1838 1155 1875 ortum,
1184 1845 1288 1869 canna

240 1886 339 1920 decus
365 1888 463 1927 atque
488 1885 627 1919 rutilans
938 1885 1026 1917 canit
1051 1886 1086 1918 ut
1112 1884 1283 1920 Davidica.

148 1967 209 2000 32..
238 1965 370 2000 Pollens
397 1964 584 2007 verbigena,
850 1963 909 1998 3b.
938 1963 1142 2006 Sumpseras,
1171 1972 1267 2005 quam
1294 1963 1400 1997 crucis

238 2013 376 2047 formam
404 2014 459 2055 qui
486 2014 626 2047 clemens
938 2021 995 2045 ara
1020 2013 1175 2055 portavit,

236 2062 430 2096 homiferam
939 2071 997 2094 ara
1021 2070 1125 2103 saera,

146 2144 206 2176 4a.
233 2141 279 2175 Et
305 2142 395 2174 clara
418 2141 610 2182 propagasti
849 2141 909 2175 4b.
938 2140 993 2172 Me
1019 2139 1200 2182 ecelesiam,
1228 2143 1341 2181 spreta

236 2190 341 2231 stirpe
366 2189 455 2223 orbis
937 2198 1103 2231 synagoga

234 2247 296 2281 per
320 2239 515 2272 lustramina
941 2239 1137 2279 errorivaga.

149 2319 212 2352 5a.
238 2317 326 2351 Hine
351 2326 430 2358 rogo
854 2317 915 2350 5b.
943 2316 1029 2357 Quos
1055 2315 1116 2349 tibi

240 2367 344 2399 crucis
370 2375 431 2407 per
454 2367 608 2408 stigmata
941 2363 1025 2397 filios
1050 2373 1199 2406 procree,

234 2417 332 2456 atque
356 2414 479 2448 fluenta
941 2414 1034 2454 reple
1059 2414 1165 2456 gratia

234 2472 295 2505 per
321 2473 427 2506 rosea,
941 2461 1099 2504 caeliflua‚
