1656 2690
684 125 947 161 —156—

159 228 219 261 6a.
247 227 365 260 omncs
400 234 465 268 vos,
493 225 599 257 sancti
626 225 785 265 doctores,
856 223 915 258 6b.
943 222 988 255 Ut
1013 231 1070 254 nos
1096 222 1129 255 in
1155 223 1217 255 hac
1241 221 1309 254 vita
1334 231 1432 261 puros

245 276 321 307 Iesu
348 274 471 308 Christi
494 274 681 312 servitores,
943 270 1076 304 Reddat.
1099 273 1196 311 atque
1220 270 1415 303 transituros

294 324 348 357 Illi
374 331 488 365 preces
514 321 651 363 fundite,
997 319 1100 351 Ponat
1124 328 1181 351 suo
1208 318 1347 351 tramite.

227 391 314 419 Grad.
327 400 380 419 ms.
394 390 554 418 Parmense
565 398 642 418 saec.
657 386 730 417 ¹⁴³³.
763 389 834 417 Cod.
851 388 947 422 Capit.
960 387 1096 415 Parmen.
1112 395 1135 414 s.
1149 395 1178 414 n.
1197 400 1229 405 -
1247 384 1264 413 5
1274 386 1301 419 b,
1314 382 1332 413 3
1344 384 1435 413 Sicut.
1450 399 1487 404 -—

156 430 198 458 Zu
217 431 374 465 yconimus
393 428 442 462 (=-·
462 434 659 465 oeconomus),
685 428 737 456 das
757 427 822 456 hier
843 428 894 455 cler
909 427 992 455 Reim
1015 425 1139 460 sohiitzt,
1159 425 1219 461 vgl.
1237 424 1286 452 Du
1304 424 1406 460 Gange
1421 432 1442 451 s.
1459 432 1487 451 V.

155 478 327 505 yconomus.

589 561 650 593 175.
686 559 729 592 De
748 560 861 592 sancta
882 558 1056 592 Domitilla.

518 636 546 668 1.
577 634 700 675 Gaude,
730 632 879 665 columba
904 632 1061 672 simplicis

575 681 784 723 Prudentiae,
812 681 929 714 vestita
954 681 1118 721 purpuris.

154 752 214 782 2a.
243 751 293 782 Tu
317 759 350 783 es
377 750 466 790 virgo
492 750 643 791 gloriosa,
816 748 874 781 2b.
902 749 948 781 Te
975 748 1137 780 convertit
1161 747 1340 786 Achilleus,

249 798 417 830 Domitilla
441 798 597 840 speciosa,
902 797 949 829 Te
973 795 1134 828 confortat
1160 799 1192 828 et
1217 795 1352 836 Nereus,

251 845 400 879 Paradisi
426 844 552 886 fulgens
577 846 672 879 viola,
903 842 1486 884 Utcontemnassponsummortalcm.

164 914 223 947 aa.
251 913 335 945 Dum
360 917 394 946 tu
421 914 573 953 purpuris
599 917 631 945 te
657 913 755 946 vestis
816 911 875 946 3b.
904 913 1027 952 Quanto
1053 912 1160 944 studio
1187 911 1324 951 ornaris,

253 962 381 994 Ornatis
407 962 550 1002 gemmis,
577 971 654 994 auro
677 960 785 1000 textis,
903 961 942 993 In
968 960 1018 991 his
1044 961 1135 992 vanis
1164 959 1348 1001 delectaris,

251 1010 282 1041 A
308 1009 428 1042 sanctis
455 1009 516 1041 Dei
541 1009 760 1050 praedicaris:
905 1009 952 1042 Ut
976 1008 1106 1048 placeas
1132 1008 1219 1049 proli
1245 1007 1406 1039 consulis!

164 1078 223 1109 421.
251 1077 401 1109 Animam
425 1077 453 1108 si
479 1079 513 1108 tu
540 1085 672 1109 ornares
816 1075 876 1109 4b.
907 1072 1096 1120 „Utinam“,
1123 1078 1158 1107 tu
1183 1074 1392 1116 respondisti,

252 1125 297 1157 Et
317 1134 467 1165 sponsum
487 1125 597 1158 mundi
615 1124 786 1167 refutares,
912 1124 1102 1166 „Doctrina,
1127 1133 1222 1164 quam
1250 1123 1398 1161 docuisti,

257 1173 442 1206 Possideres
469 1173 530 1205 Dei
553 1172 665 1208 filium.
885 1172 988 1206 ·Olim
1006 1172 1048 1204 acl
1065 1175 1184 1204 memet
1196 1169 1418 1212 pervenisset''
1437 1174 1443 1204 ⁴.

166 1240 223 1273 5a.
251 1241 299 1272 To
326 1240 445 1273 velavit
471 1240 618 1274 Clemens
646 1243 787 1280 sanctus,
818 1241 876 1274 5b.
905 1240 1008 1273 Stella
1033 1239 1169 1281 fulgens,
1196 1239 1375 1278 Domitilla,

253 1289 426 1322 Benedixit
450 1292 562 1330 pastor
588 1292 696 1321 tantus
904 1289 991 1321 Rosa
1018 1297 1155 1320 vernans
1183 1291 1214 1320 et
1239 1287 1382 1319 scintilla

251 1338 305 1369 Ad
332 1341 420 1369 tuum
446 1346 583 1378 pergens
609 1336 775 1378 palatium,
905 1337 942 1369 In
970 1337 1101 1368 caelesti
1127 1335 1331 1368 arundineto.

168 1404 224 1436 Ga.
252 1404 386 1437 Romam
415 1405 493 1448 exis,
520 1405 700 1444 Domitilla,
820 1404 878 1438 6b.
904 1404 1067 1437 Exsulans
1092 1404 1322 1445 peregrinaris,

254 1453 301 1486 Ut
325 1453 451 1486 servilis
478 1458 511 1485 et,
535 1454 654 1485 ancilla
907 1454 944 1486 In
970 1452 1076 1484 insula
1100 1460 1213 1485 sancta
1238 1452 1373 1484 moraris

255 1501 393 1541 Propter
418 1501 607 1542 virginalem
637 1501 788 1543 gloriam,
906 1500 1065 1534 Pontiana
1091 1500 1211 1534 dilecta
1235 1500 1345 1534 maris.

169 1569 231 1600 7a.
260 1568 370 1601 Caecis
396 1569 507 1601 reddis
533 1570 640 1601 lumen
666 1577 788 1607 verum,
821 1569 878 1602 Tb.
906 1569 1055 1608 Virgines
1082 1571 1117 1600 tu
1143 1568 1342 1609 convertisti,

254 1617 357 1650 Gruce
380 1617 475 1649 mutis
501 1617 634 1650 verbum
655 1625 787 1658 merum,
907 1617 1048 1658 Sponsas
1074 1620 1203 1650 sanctas
1229 1617 1380 1649 velavisti

252 1665 430 1698 Terracina
458 1666 699 1707 evangelizatis.
907 1666 952 1698 Et
964 1673 998 1696 es
1010 1665 1139 1697 lucrata
1150 1674 1288 1705 sponsas
1302 1665 1444 1700 Christe.

166 1734 225 1765 Sa.
254 1733 430 1766 Multitudo
451 1743 648 1774 paganorum
821 1734 880 1768 81).
908 1735 1101 1767 Persecutor
1126 1733 1309 1773 induratur,

254 1781 358 1814 Sumit
381 1783 484 1822 legem
511 1782 770 1823 christianorum,
909 1781 1037 1814 Saltans
1063 1790 1200 1822 sponsus
1226 1783 1448 1823 strangulatur

254 1830 315 1869 Qui
340 1840 399 1871 per
417 1833 450 1862 te
467 1840 487 1863 a
503 1831 607 1863 Roma
622 1835 790 1864 venerant.
910 1831 952 1863 Et
979 1830 1085 1863 subito
1113 1831 1231 1863 cadens
1258 1831 1405 1864 moritur.

166 1901 226 1930 9a.
254 1902 334 1931 oum
360 1898 540 1939 virginibus
566 1899 701 1931 sacratis
822 1899 880 1932 ab.
908 1899 933 1933 O
960 1897 1057 1929 beata
1082 1898 1172 1939 virgo
1198 1898 1271 1938 Dei,

253 1947 293 1979 In
319 1947 467 1979 cubiculo
491 1946 629 1979 firmatis
909 1946 1018 1979 Hodie
1041 1946 1086 1978 sis
1109 1955 1232 1979 memor
1257 1947 1331 1991 mei,

256 1996 320 2028 Per
345 1996 448 2036 ignem
467 1996 586 2027 transis
604 1996 646 2028 ad
663 1995 791 2038 gaudia.
911 1995 956 2028 Ut
990 1996 1022 2026 et
1047 1997 1152 2026 tecum
1177 1995 1253 2028 Iesu
1278 1996 1447 2036 gaudeam,

234 2062 318 2089 Miss.
341 2071 393 2090 ms.
415 2062 725 2091 Vallisumbrosanum
745 2063 817 2089 anni
840 2060 922 2089 1471.
967 2060 1037 2088 Cod.
1058 2062 1199 2090 Laui-ent.
1223 2062 1315 2091 ConV.
1337 2072 1402 2101 sup.
1424 2062 1492 2093 232.

505 2155 565 2187 176.
599 2157 642 2188 De
664 2157 772 2187 sancto
794 2153 912 2188 Donato
933 2155 1062 2188 Aretino
1083 2156 1141 2196 Ep.

570 2229 601 2260 1.
629 2227 758 2261 Laudes
782 2227 853 2260 Deo
880 2228 994 2270 dignas

631 2276 779 2309 concinat
803 2278 906 2309 omnis
932 2280 1021 2310 aetas

173 2335 233 2367 Za.
262 2334 373 2375 Magni
400 2333 560 2373 praesulis
587 2335 754 2366 celebrans
866 2335 926 2368 ab.
953 2335 993 2367 In
1018 2344 1082 2375 qua
1106 2336 1148 2369 ad
1174 2335 1241 2367 alta
1266 2335 1377 2369 sidera

255 2382 374 2415 Donati
403 2382 486 2414 diem
512 2383 696 2415 sollemnem
727 2391 796 2414 cum
955 2382 1176 2417 collocandam
1201 2384 1349 2416 reddidit
1374 2385 1444 2419 Deo

257 2431 371 2474 gloria,
955 2431 1104 2466 animam.
