1656 2690
729 136 970 171 —99—

212 233 273 267 3a,
302 231 366 265 Hic
390 234 573 267 sanctitatis
599 235 767 276 speculum
879 236 938 270 3b.
966 236 1064 277 Regis
1091 237 1294 270 consiliarius

300 281 346 314 Et
372 282 539 315 doctrinae
565 283 798 324 spectaculum,
966 285 1064 326 Legis
1091 288 1123 317 et
1148 285 1326 326 operarius,

351 331 415 363 Vas
441 332 596 365 virtutum
623 332 776 374 omnium,
1015 333 1125 366 Bonus
1151 337 1264 375 pastor
1289 334 1408 366 ovium.

212 390 276 422 4a.
305 387 383 421 Cum
408 389 549 422 mittitur
574 400 593 422 a
619 390 743 423 Karolo
878 392 940 426 4b.
967 391 1059 423 Tunc
1085 390 1271 432 Raginfridi
1297 390 1446 432 gentibus

300 438 364 470 Pro
391 439 613 471 conservando
634 438 766 479 populo,
967 439 1181 480 Helpricique
1208 439 1393 472 crudelibus

349 485 547 519 Amblanam
586 486 817 529 progreditur,
1016 488 1153 520 Invasus
1179 488 1351 522 occiditur.

214 545 274 578 5a.
303 543 357 576 Sic
382 543 508 578 Christi
531 544 637 578 factus
662 545 771 577 hostia
881 545 942 579 5b.
969 545 1070 586 Aegri
1096 549 1231 578 currunt
1257 549 1290 578 et
1319 547 1483 588 curantur,

302 592 473 626 Caelorum
499 595 619 626 transit
644 594 737 634 ostia,
969 593 1077 635 Laesi,
1106 594 1214 626 claudi
1239 597 1436 635 reparantur

350 642 431 674 Cum
456 643 566 683 palma
592 642 751 683 martyrii.
1018 642 1149 674 Meritis
1174 642 1356 683 Agilolphi.

213 701 273 734 Ga.
300 700 338 732 In
364 701 431 732 tam
456 699 545 732 felici
571 701 711 732 transitu
884 699 945 733 6b.
973 699 1121 743 signans,
1136 701 1221 741 quod
1233 700 1486 741 absquegemitu

347 748 505 781 Columba
531 748 762 781 candidissima
1016 747 1137 780 Anima
1162 748 1352 781 beatissima

395 795 476 829 Eius
503 806 560 829 ore
584 796 745 838 processit
1066 795 1120 828 Sic
1142 805 1277 837 superos
1302 799 1450 829 accessit.

204 855 263 888 7a.
290 853 336 886 Et
362 862 477 887 cruore
497 854 664 886 rubricata
884 854 942 889 7b.
971 853 1068 887 Cuius
1094 857 1200 887 morte
1225 856 1300 886 sunt
1324 854 1452 895 signata

347 902 438 935 Talis
465 903 608 935 athletae
632 903 781 943 gramina
1017 902 1126 935 Hodie
1153 903 1358 944 designantia

397 950 537 984 Servant
560 951 771 994 viriditatem,
1063 951 1222 992 Martyris
1249 951 1468 984 sanctitatem.

212 1011 272 1043 8a.
298 1010 483 1049 Martyrum
510 1009 615 1051 gaude
641 1010 758 1052 contio,
881 1009 940 1042 81).
970 1010 1070 1049 Quem
1094 1009 1209 1042 laudet
1234 1012 1267 1041 et
1293 1009 1423 1042 devotio

296 1057 370 1090 Tali
394 1060 549 1099 tantoque
574 1058 661 1090 socio
969 1058 1008 1091 In
1033 1057 1166 1090 laudum
1193 1058 1348 1090 exercitio

344 1105 539 1139 Innocenter
567 1108 704 1149 mortuo,
1015 1106 1061 1138 Et
1086 1110 1243 1139 concentu
1266 1108 1387 1139 mutuo.

209 1166 272 1198 9a.
302 1163 405 1196 Sexus
432 1167 465 1196 et
489 1165 609 1205 gradus
636 1164 759 1208 populi,
880 1166 899 1198 9
914 1164 944 1197 b,
972 1164 1033 1204 Qui
1058 1163 1100 1196 ad
1126 1164 1247 1205 gradus
1274 1164 1422 1196 canonici

302 1212 520 1254 Singulariter
549 1213 669 1253 clerici,
970 1212 1030 1244 Vel
1038 1211 1251 1245 Malmundae
1266 1216 1342 1245 sunt
1355 1212 1516 1255 monachi,

346 1260 474 1294 Mariae
500 1261 637 1294 Colonia
1018 1260 1146 1294 Devota
1171 1262 1374 1302 symphonia.

188 1320 232 1353 10
244 1328 273 1354 a.
301 1319 374 1359 Eia,
401 1322 517 1359 pastor
542 1322 653 1352 noster
678 1319 772 1360 bone,
860 1320 941 1354 101).
970 1319 1198 1359 Pertingamus
1224 1322 1270 1360 ut,
1297 1322 1446 1360 patrone,

348 1367 477 1400 Memor
502 1368 547 1400 sis
565 1369 691 1409 proprii
709 1369 816 1409 gregis
1020 1367 1149 1400 Favore
1174 1368 1308 1408 superni
1333 1369 1418 1409 regis

396 1415 510 1449 Custos
546 1420 578 1448 et
602 1417 815 1461 praesidium
1069 1415 1262 1449 Sanctorum
1288 1415 1464 1457 fastigium

253 1483 339 1511 Miss.
360 1491 415 1510 ms
435 1483 680 1521 Noviomagense
693 1492 769 1511 saec.
787 1481 832 1511 15.
855 1482 927 1511 Cod.
941 1483 1020 1510 Mus.
1034 1482 1252 1525 Noviomagen.
1266 1482 1308 1510 Ia
1321 1483 1374 1511 Nr.
1389 1480 1416 1509 2.
1428 1482 1463 1510 A.
1481 1498 1518 1501 —

177 1523 271 1559 Antip
272 1522 342 1550 hon.
365 1524 395 1549 et
415 1522 504 1550 Grad.
526 1531 580 1550 ms.
601 1522 632 1550 S.
652 1522 771 1550 Mariae
786 1522 824 1550 ad
839 1522 956 1550 Gradus
971 1529 1048 1549 saec.
1063 1517 1139 1550 15'16.
1163 1521 1233 1550 Cod.
1250 1520 1346 1557 Capit.
1363 1521 1518 1550 Colonieu.

175 1571 197 1590 s.
219 1571 248 1589 n.
252 1532 303 1589 PR
325 1559 759 1596 —1a‚21aetitiae13.—
783 1559 836 1594 lb,
858 1559 1055 1589 2rarumA.
1077 1558 1190 1595 *3a‚
1215 1558 1358 1589 lsioA.
1379 1558 1486 1595 —3b‚
1502 1558 1520 1587 2

174 1601 217 1629 Et
235 1601 312 1638 legis
338 1600 373 1627 A.
402 1615 440 1620 κ-
466 1599 519 1636 4a,
540 1598 558 1629 3
579 1601 758 1629 Amblanam
778 1600 799 1628 1.
820 1581 1022 1628 Ambianum?
1043 1614 1082 1618 τ
1102 1597 1158 1635 41),
1182 1598 1197 1628 1
1218 1600 1316 1637 Regm
1336 1599 1406 1628 fridi
1425 1600 1459 1628 B.
1481 1614 1520 1619 —

173 1638 227 1676 41),
248 1637 267 1667 2
297 1639 453 1675 Helperici
483 1640 518 1668 A.
553 1655 586 1658 —
618 1637 672 1674 41),
700 1637 718 1668 3
744 1640 864 1667 Invasis
892 1639 927 1666 A.
956 1654 994 1658 —
1022 1636 1077 1673 8b,
1103 1637 1118 1666 1
1143 1609 1316 1667 l'audentgm
1287 1640 1319 1667 B.
1343 1654 1382 1659 ——
1404 1637 1477 1674 lob,
1499 1637 1517 1666 2

175 1687 317 1715 superare
337 1679 417 1715 iegis
439 1679 475 1706 A.
490 1696 528 1699 —
541 1679 628 1707 Nach
649 1679 715 1706 dem
735 1678 873 1715 gleichen
887 1677 1022 1711 Schema,
1043 1677 1175 1706 vielfach
1189 1687 1266 1716 ganz
1283 1678 1518 1715 gleichlautend,

173 1718 246 1755 geht
268 1717 316 1745 die
338 1716 474 1753 Sequenz
495 1718 550 1745 auf
565 1717 744 1755 Evergislus
764 1714 798 1753 (s.
819 1719 913 1745 unten
932 1717 986 1746 ΝΥ.
1010 1698 1083 1752 186).

618 1812 680 1844 107.
716 1812 760 1844 De
781 1812 894 1843 sancta
914 1811 1048 1852 Agnete.

528 1884 558 1918 1.
586 1884 674 1917 Ecce
698 1884 772 1927 iam,
801 1886 914 1917 sancta
938 1884 1060 1926 Agnes,

588 1932 730 1967 aetheris
755 1936 789 1966 te
816 1933 933 1966 chorus
958 1933 1085 1974 laudat,

587 1991 670 2024 quae
694 1991 781 2015 nunc
806 1981 912 2024 fulges
940 1982 1047 2021 beata,

182 2052 245 2084 2a.
272 2050 396 2091 Quique
420 2051 538 2084 iubilat
887 2050 946 2085 2b.
975 2050 1142 2083 Suscitans
1168 2051 1302 2083 laudum

272 2099 374 2132 veluti
400 2099 589 2142 decantans,
976 2101 1086 2132 coetus
1112 2100 1285 2133 vernantia

272 2151 448 2189 pneumata
474 2158 674 2190 concrepans
974 2148 1073 2181 hodie
1098 2148 1241 2190 gloriosa

274 2197 381 2238 lyrica
391 2208 399 2238 3
974 2198 1107 2231 resonat
1117 2210 1124 2231 :

182 2256 242 2289 3a.
275 2256 322 2301 „O
348 2258 519 2289 mansueta
884 2256 946 2291 3b.
979 2247 1041 2300 ,Ὦ
1067 2252 1245 2301 ἔπουράνιε

269 2304 431 2346 virginum
457 2306 597 2347 agmina,
625 2314 709 2347 quae
973 2300 1068 2349 ἔρως,
1107 2303 1171 2344 τὰς
1195 2302 1369 2350 ἁμαρτίας

269 2362 355 2386 nunc
381 2352 486 2396 fulget
510 2355 544 2387 in
572 2352 691 2388 arva!“
971 2355 1035 2386 τοῦ
1060 2355 1161 2387 cosmi
1187 2355 1308 2388 eleison
1321 2352 1348 2386 1⁴⁴

179 2413 242 2447 4a.
270 2412 325 2446 Sic
349 2410 472 2454 ὑμένος
883 2413 944 2447 41).
976 2412 1049 2445 Τοῦ
1071 2410 1204 2458 πατρός
1228 2424 1265 2458 γε

272 2464 305 2493 et
329 2461 433 2496 inscia
970 2464 1146 2505 μονογενεῖ

1296 2516 1339 2547 ¹7*
