<?xml version="1.0" encoding="UTF-8"?>
<!DOCTYPE html PUBLIC "-//W3C//DTD XHTML 1.0 Transitional//EN"
    "http://www.w3.org/TR/xhtml1/DTD/xhtml1-transitional.dtd">
<html xmlns="http://www.w3.org/1999/xhtml" xml:lang="en" lang="en">
 <head>
  <title>
</title>
<meta http-equiv="Content-Type" content="text/html;charset=utf-8" />
  <meta name='ocr-system' content='tesseract 3.04.00' />
  <meta name='ocr-capabilities' content='ocr_page ocr_carea ocr_par ocr_line ocrx_word'/>
</head>
<body>
  <div class='ocr_page' id='page_1' title='image "./analectahymnica37drevuoft_00196.png"; bbox 0 0 1656 2690; ppageno 0'>
   <div class='ocr_carea' id='block_1_1' title="bbox 699 118 960 154">
    <p class='ocr_par' dir='ltr' id='par_1_1' title="bbox 699 118 960 154">
     <span class='ocr_line' id='line_1_1' title="bbox 699 118 960 154; baseline -0.004 0"><span class='ocrx_word' id='word_1_1' title='bbox 699 118 960 154; x_wconf 63' lang='grc'>-193-</span> 
     </span>
    </p>
   </div>
   <div class='ocr_carea' id='block_1_2' title="bbox 161 213 1504 695">
    <p class='ocr_par' dir='ltr' id='par_1_2' title="bbox 161 213 1504 695">
     <span class='ocr_line' id='line_1_2' title="bbox 201 213 1415 257; baseline 0.001 -12"><span class='ocrx_word' id='word_1_2' title='bbox 201 214 220 246; x_wconf 89' lang='grc'>9</span> <span class='ocrx_word' id='word_1_3' title='bbox 233 223 262 246; x_wconf 89' lang='lat' dir='ltr'>a.</span> <span class='ocrx_word' id='word_1_4' title='bbox 286 213 401 246; x_wconf 87' lang='lat' dir='ltr'>Multis</span> <span class='ocrx_word' id='word_1_5' title='bbox 426 215 526 247; x_wconf 85' lang='lat' dir='ltr'>vitam</span> <span class='ocrx_word' id='word_1_6' title='bbox 554 215 760 257; x_wconf 76' lang='lat' dir='ltr'><strong>restauravit,</strong></span> <span class='ocrx_word' id='word_1_7' title='bbox 899 217 958 250; x_wconf 88' lang='lat' dir='ltr'>9b.</span> <span class='ocrx_word' id='word_1_8' title='bbox 988 216 1135 250; x_wconf 85' lang='lat' dir='ltr'>Christus</span> <span class='ocrx_word' id='word_1_9' title='bbox 1162 224 1234 248; x_wconf 87' lang='lat' dir='ltr'>eum</span> <span class='ocrx_word' id='word_1_10' title='bbox 1260 215 1415 257; x_wconf 88' lang='lat' dir='ltr'>visitavit,</span> 
     </span>
     <span class='ocr_line' id='line_1_3' title="bbox 288 261 1420 305; baseline 0 -11"><span class='ocrx_word' id='word_1_11' title='bbox 288 261 484 295; x_wconf 84' lang='lat' dir='ltr'>Drusianam</span> <span class='ocrx_word' id='word_1_12' title='bbox 511 264 699 305; x_wconf 90' lang='lat' dir='ltr'>suscitavit;</span> <span class='ocrx_word' id='word_1_13' title='bbox 985 265 1075 298; x_wconf 91' lang='lat' dir='ltr'>Inter</span> <span class='ocrx_word' id='word_1_14' title='bbox 1101 264 1221 298; x_wconf 88' lang='lat' dir='ltr'>fratres</span> <span class='ocrx_word' id='word_1_15' title='bbox 1248 263 1420 299; x_wconf 85' lang='lat' dir='ltr'>collocavit</span> 
     </span>
     <span class='ocr_line' id='line_1_4' title="bbox 338 309 1346 348; baseline 0.004 -4"><span class='ocrx_word' id='word_1_16' title='bbox 338 311 402 344; x_wconf 84' lang='lat' dir='ltr'>Sed</span> <span class='ocrx_word' id='word_1_17' title='bbox 430 309 613 344; x_wconf 87' lang='lat' dir='ltr'>confectum</span> <span class='ocrx_word' id='word_1_18' title='bbox 638 313 728 345; x_wconf 81' lang='lat' dir='ltr'>senio</span> <span class='ocrx_word' id='word_1_19' title='bbox 1036 315 1075 347; x_wconf 89' lang='lat' dir='ltr'>In</span> <span class='ocrx_word' id='word_1_20' title='bbox 1101 323 1158 346; x_wconf 88' lang='lat' dir='ltr'>suo</span> <span class='ocrx_word' id='word_1_21' title='bbox 1186 312 1346 348; x_wconf 88' lang='lat' dir='ltr'>convivio.</span> 
     </span>
     <span class='ocr_line' id='line_1_5' title="bbox 176 378 1501 423; baseline 0 -12"><span class='ocrx_word' id='word_1_22' title='bbox 176 379 218 411; x_wconf 87' lang='lat'>10</span> <span class='ocrx_word' id='word_1_23' title='bbox 230 388 259 412; x_wconf 85' lang='lat' dir='ltr'>a.</span> <span class='ocrx_word' id='word_1_24' title='bbox 287 378 373 411; x_wconf 90' lang='lat' dir='ltr'>Dum</span> <span class='ocrx_word' id='word_1_25' title='bbox 398 379 432 411; x_wconf 93' lang='lat' dir='ltr'>in</span> <span class='ocrx_word' id='word_1_26' title='bbox 459 379 571 412; x_wconf 88' lang='lat' dir='ltr'>tumba</span> <span class='ocrx_word' id='word_1_27' title='bbox 596 380 790 420; x_wconf 82' lang='lat' dir='ltr'>ponebatur,</span> <span class='ocrx_word' id='word_1_28' title='bbox 875 381 958 415; x_wconf 84' lang='lat' dir='ltr'>10b.</span> <span class='ocrx_word' id='word_1_29' title='bbox 985 381 1054 414; x_wconf 82' lang='lat' dir='ltr'>lam</span> <span class='ocrx_word' id='word_1_30' title='bbox 1067 381 1110 413; x_wconf 89' lang='lat' dir='ltr'>ad</span> <span class='ocrx_word' id='word_1_31' title='bbox 1124 390 1257 423; x_wconf 86' lang='lat' dir='ltr'>regnum</span> <span class='ocrx_word' id='word_1_32' title='bbox 1271 380 1346 414; x_wconf 84' lang='lat' dir='ltr'>dum</span> <span class='ocrx_word' id='word_1_33' title='bbox 1359 382 1501 423; x_wconf 85' lang='lat' dir='ltr'>vocatur,</span> 
     </span>
     <span class='ocr_line' id='line_1_6' title="bbox 291 427 1459 472; baseline 0.001 -13"><span class='ocrx_word' id='word_1_34' title='bbox 291 427 364 460; x_wconf 81' lang='lat' dir='ltr'>Nox</span> <span class='ocrx_word' id='word_1_35' title='bbox 390 427 528 460; x_wconf 87' lang='lat' dir='ltr'>obscura</span> <span class='ocrx_word' id='word_1_36' title='bbox 552 428 764 468; x_wconf 80' lang='lat' dir='ltr'>lustrabatur,</span> <span class='ocrx_word' id='word_1_37' title='bbox 981 429 1060 470; x_wconf 75' lang='lat' dir='ltr'>Fac,</span> <span class='ocrx_word' id='word_1_38' title='bbox 1087 429 1187 472; x_wconf 80' lang='lat' dir='ltr'>Deus,</span> <span class='ocrx_word' id='word_1_39' title='bbox 1214 432 1251 461; x_wconf 91' lang='lat' dir='ltr'>ut</span> <span class='ocrx_word' id='word_1_40' title='bbox 1276 429 1459 472; x_wconf 74' lang='lat' dir='ltr'>reducatur,</span> 
     </span>
     <span class='ocr_line' id='line_1_7' title="bbox 333 476 1385 519; baseline 0.004 -12"><span class='ocrx_word' id='word_1_41' title='bbox 333 476 378 508; x_wconf 85' lang='lat' dir='ltr'>Et</span> <span class='ocrx_word' id='word_1_42' title='bbox 402 485 520 508; x_wconf 87' lang='lat' dir='ltr'>manna</span> <span class='ocrx_word' id='word_1_43' title='bbox 545 477 704 512; x_wconf 86' lang='lat' dir='ltr'>scaturiit.</span> <span class='ocrx_word' id='word_1_44' title='bbox 1031 477 1092 519; x_wconf 78' lang='lat' dir='ltr'>Qui</span> <span class='ocrx_word' id='word_1_45' title='bbox 1115 480 1148 510; x_wconf 87' lang='lat' dir='ltr'>te</span> <span class='ocrx_word' id='word_1_46' title='bbox 1173 478 1385 511; x_wconf 81' lang='lat' dir='ltr'>invocaverit.</span> 
     </span>
     <span class='ocr_line' id='line_1_8' title="bbox 242 541 1504 579; baseline 0.002 -10"><span class='ocrx_word' id='word_1_47' title='bbox 242 541 484 579; x_wconf 84' lang='lat' dir='ltr'>Sequentiarium</span> <span class='ocrx_word' id='word_1_48' title='bbox 504 551 558 570; x_wconf 87' lang='lat' dir='ltr'>ms.</span> <span class='ocrx_word' id='word_1_49' title='bbox 579 543 824 571; x_wconf 70' lang='lat' dir='ltr'>Praedicator-um</span> <span class='ocrx_word' id='word_1_50' title='bbox 846 552 925 571; x_wconf 86' lang='lat' dir='ltr'>saec.</span> <span class='ocrx_word' id='word_1_51' title='bbox 947 541 1023 572; x_wconf 71' lang='lat' dir='ltr'>15l1c.</span> <span class='ocrx_word' id='word_1_52' title='bbox 1059 543 1129 571; x_wconf 83' lang='lat' dir='ltr'>Ood.</span> <span class='ocrx_word' id='word_1_53' title='bbox 1144 544 1311 572; x_wconf 82' lang='lat' dir='ltr'>Praedicat.</span> <span class='ocrx_word' id='word_1_54' title='bbox 1329 543 1504 572; x_wconf 85' lang='lat' dir='ltr'>Cracovien.</span> 
     </span>
     <span class='ocr_line' id='line_1_9' title="bbox 163 579 1504 619; baseline 0.001 -11"><span class='ocrx_word' id='word_1_55' title='bbox 163 590 186 608; x_wconf 92' lang='lat' dir='ltr'>s.</span> <span class='ocrx_word' id='word_1_56' title='bbox 213 590 242 609; x_wconf 92' lang='lat' dir='ltr'>n.</span> <span class='ocrx_word' id='word_1_57' title='bbox 267 581 302 608; x_wconf 88' lang='lat' dir='ltr'>A.</span> <span class='ocrx_word' id='word_1_58' title='bbox 329 596 369 600; x_wconf 97' lang='lat'><strong>—</strong></span> <span class='ocrx_word' id='word_1_59' title='bbox 393 581 479 609; x_wconf 83' lang='lat' dir='ltr'>Miss.</span> <span class='ocrx_word' id='word_1_60' title='bbox 506 590 558 609; x_wconf 91' lang='lat' dir='ltr'>ms.</span> <span class='ocrx_word' id='word_1_61' title='bbox 589 579 831 610; x_wconf 79' lang='lat' dir='ltr'>Praedicatorum</span> <span class='ocrx_word' id='word_1_62' title='bbox 857 582 1056 619; x_wconf 77' lang='lat' dir='ltr'>Hispanicum</span> <span class='ocrx_word' id='word_1_63' title='bbox 1087 591 1163 610; x_wconf 87' lang='lat' dir='ltr'>saec.</span> <span class='ocrx_word' id='word_1_64' title='bbox 1190 580 1233 610; x_wconf 84' lang='lat'>16.</span> <span class='ocrx_word' id='word_1_65' title='bbox 1276 582 1347 611; x_wconf 85' lang='lat' dir='ltr'>Cod.</span> <span class='ocrx_word' id='word_1_66' title='bbox 1366 583 1504 611; x_wconf 81' lang='lat' dir='ltr'>Vatican.</span> 
     </span>
     <span class='ocr_line' id='line_1_10' title="bbox 162 618 1504 658; baseline 0.001 -11"><span class='ocrx_word' id='word_1_67' title='bbox 162 618 247 648; x_wconf 85' lang='lat'>5590.</span> <span class='ocrx_word' id='word_1_68' title='bbox 269 620 301 647; x_wconf 90' lang='lat' dir='ltr'>B.</span> <span class='ocrx_word' id='word_1_69' title='bbox 323 634 362 639; x_wconf 86' lang='lat'>—</span> <span class='ocrx_word' id='word_1_70' title='bbox 381 620 466 647; x_wconf 79' lang='lat' dir='ltr'>Miss.</span> <span class='ocrx_word' id='word_1_71' title='bbox 486 619 730 648; x_wconf 83' lang='lat' dir='ltr'>Praedicatorum</span> <span class='ocrx_word' id='word_1_72' title='bbox 750 622 821 657; x_wconf 77' lang='lat' dir='ltr'>imp.</span> <span class='ocrx_word' id='word_1_73' title='bbox 843 619 877 648; x_wconf 83' lang='lat'>15</span> <span class='ocrx_word' id='word_1_74' title='bbox 885 618 920 636; x_wconf 71' lang='lat'>²¹⁶*</span> <span class='ocrx_word' id='word_1_75' title='bbox 944 618 1211 658; x_wconf 72' lang='lat' dir='ltr'>(unvollst&#39;andiges</span> <span class='ocrx_word' id='word_1_76' title='bbox 1227 621 1399 657; x_wconf 71' lang='lat' dir='ltr'>Exemplar]</span> <span class='ocrx_word' id='word_1_77' title='bbox 1414 620 1445 648; x_wconf 85' lang='lat' dir='ltr'>C.</span> <span class='ocrx_word' id='word_1_78' title='bbox 1465 636 1504 640; x_wconf 92' lang='lat'>—</span> 
     </span>
     <span class='ocr_line' id='line_1_11' title="bbox 161 656 1503 695; baseline 0.001 -10"><span class='ocrx_word' id='word_1_79' title='bbox 161 658 247 686; x_wconf 86' lang='lat' dir='ltr'>Miss.</span> <span class='ocrx_word' id='word_1_80' title='bbox 276 658 530 687; x_wconf 84' lang='lat' dir='ltr'>Praedicatorum.</span> <span class='ocrx_word' id='word_1_81' title='bbox 564 660 635 694; x_wconf 87' lang='lat' dir='ltr'>imp.</span> <span class='ocrx_word' id='word_1_82' title='bbox 661 659 785 687; x_wconf 83' lang='lat' dir='ltr'>Parisiis</span> <span class='ocrx_word' id='word_1_83' title='bbox 813 656 887 687; x_wconf 83' lang='lat'>1517</span> <span class='ocrx_word' id='word_1_84' title='bbox 912 660 949 688; x_wconf 90' lang='lat' dir='ltr'>D.</span> <span class='ocrx_word' id='word_1_85' title='bbox 981 674 1017 678; x_wconf 89' lang='lat'><em>-</em></span> <span class='ocrx_word' id='word_1_86' title='bbox 1049 660 1135 688; x_wconf 91' lang='lat' dir='ltr'>Miss.</span> <span class='ocrx_word' id='word_1_87' title='bbox 1162 660 1406 688; x_wconf 68' lang='lat' dir='ltr'>Praedieatorum</span> <span class='ocrx_word' id='word_1_88' title='bbox 1432 661 1503 695; x_wconf 88' lang='lat' dir='ltr'>imp.</span> 
     </span>
    </p>
   </div>
   <div class='ocr_carea' id='block_1_3' title="bbox 160 693 1503 847">
    <p class='ocr_par' dir='ltr' id='par_1_3' title="bbox 160 693 1503 847">
     <span class='ocr_line' id='line_1_12' title="bbox 161 693 1503 735; baseline 0.001 -11"><span class='ocrx_word' id='word_1_89' title='bbox 161 697 298 726; x_wconf 85' lang='lat' dir='ltr'>Venetiis</span> <span class='ocrx_word' id='word_1_90' title='bbox 321 693 396 725; x_wconf 79' lang='lat'><strong>1523</strong></span> <span class='ocrx_word' id='word_1_91' title='bbox 418 697 454 725; x_wconf 88' lang='grc' dir='ltr'>Ε.</span> <span class='ocrx_word' id='word_1_92' title='bbox 481 711 519 716; x_wconf 81' lang='grc'>-</span> <span class='ocrx_word' id='word_1_93' title='bbox 543 696 598 732; x_wconf 88' lang='lat' dir='ltr'>4b‚</span> <span class='ocrx_word' id='word_1_94' title='bbox 621 695 638 723; x_wconf 86' lang='lat'>2</span> <span class='ocrx_word' id='word_1_95' title='bbox 658 698 701 725; x_wconf 80' lang='lat' dir='ltr'>Et</span> <span class='ocrx_word' id='word_1_96' title='bbox 721 705 798 733; x_wconf 84' lang='lat' dir='ltr'>quae</span> <span class='ocrx_word' id='word_1_97' title='bbox 817 697 961 726; x_wconf 81' lang='lat' dir='ltr'>ABCDE.</span> <span class='ocrx_word' id='word_1_98' title='bbox 989 713 1026 718; x_wconf 88' lang='lat'>-—</span> <span class='ocrx_word' id='word_1_99' title='bbox 1055 696 1107 733; x_wconf 88' lang='lat' dir='ltr'>5a,</span> <span class='ocrx_word' id='word_1_100' title='bbox 1133 697 1146 726; x_wconf 91' lang='lat'>1</span> <span class='ocrx_word' id='word_1_101' title='bbox 1167 707 1266 735; x_wconf 81' lang='lat' dir='ltr'>poena</span> <span class='ocrx_word' id='word_1_102' title='bbox 1286 698 1317 726; x_wconf 88' lang='lat' dir='ltr'>C.</span> <span class='ocrx_word' id='word_1_103' title='bbox 1344 714 1383 718; x_wconf 96' lang='lat'><strong>—</strong></span> <span class='ocrx_word' id='word_1_104' title='bbox 1411 696 1464 732; x_wconf 86' lang='lat' dir='ltr'>5b,</span> <span class='ocrx_word' id='word_1_105' title='bbox 1488 697 1503 725; x_wconf 86' lang='lat'>1</span> 
     </span>
     <span class='ocr_line' id='line_1_13' title="bbox 160 733 1502 771; baseline 0.002 -10"><span class='ocrx_word' id='word_1_106' title='bbox 160 743 234 762; x_wconf 87' lang='lat' dir='ltr'>voce</span> <span class='ocrx_word' id='word_1_107' title='bbox 261 735 350 771; x_wconf 86' lang='lat' dir='ltr'>plena</span> <span class='ocrx_word' id='word_1_108' title='bbox 377 735 521 764; x_wconf 83' lang='lat' dir='ltr'>ABCDE.</span> <span class='ocrx_word' id='word_1_109' title='bbox 547 750 586 755; x_wconf 84' lang='lat'><strong>—</strong></span> <span class='ocrx_word' id='word_1_110' title='bbox 612 733 667 769; x_wconf 87' lang='lat' dir='ltr'>8b,</span> <span class='ocrx_word' id='word_1_111' title='bbox 694 734 712 763; x_wconf 87' lang='lat'><strong>3</strong></span> <span class='ocrx_word' id='word_1_112' title='bbox 734 735 839 764; x_wconf 87' lang='lat' dir='ltr'>Oleum</span> <span class='ocrx_word' id='word_1_113' title='bbox 862 736 893 764; x_wconf 86' lang='lat' dir='ltr'>C.</span> <span class='ocrx_word' id='word_1_114' title='bbox 921 751 961 756; x_wconf 89' lang='lat'>—-</span> <span class='ocrx_word' id='word_1_115' title='bbox 987 734 1039 771; x_wconf 86' lang='lat' dir='ltr'>9a,</span> <span class='ocrx_word' id='word_1_116' title='bbox 1063 733 1081 763; x_wconf 87' lang='lat'><strong>3</strong></span> <span class='ocrx_word' id='word_1_117' title='bbox 1107 736 1244 764; x_wconf 75' lang='lat' dir='ltr'>confectru</span> <span class='ocrx_word' id='word_1_118' title='bbox 1267 738 1298 764; x_wconf 90' lang='lat' dir='ltr'>A.</span> <span class='ocrx_word' id='word_1_119' title='bbox 1325 753 1350 756; x_wconf 97' lang='lat'><strong>—</strong></span> <span class='ocrx_word' id='word_1_120' title='bbox 1391 734 1464 770; x_wconf 81' lang='lat' dir='ltr'>lOb,</span> <span class='ocrx_word' id='word_1_121' title='bbox 1484 735 1502 764; x_wconf 84' lang='lat'>2</span> 
     </span>
     <span class='ocr_line' id='line_1_14' title="bbox 160 773 1503 803; baseline 0.001 -3"><span class='ocrx_word' id='word_1_122' title='bbox 160 775 318 802; x_wconf 81' lang='lat' dir='ltr'>revocatur</span> <span class='ocrx_word' id='word_1_123' title='bbox 337 774 376 801; x_wconf 89' lang='lat' dir='ltr'>D.</span> <span class='ocrx_word' id='word_1_124' title='bbox 400 788 441 792; x_wconf 92' lang='lat'>—-</span> <span class='ocrx_word' id='word_1_125' title='bbox 465 773 589 802; x_wconf 83' lang='lat' dir='ltr'>Gleiche</span> <span class='ocrx_word' id='word_1_126' title='bbox 607 774 740 802; x_wconf 86' lang='lat' dir='ltr'>Melodie</span> <span class='ocrx_word' id='word_1_127' title='bbox 760 776 832 803; x_wconf 84' lang='lat' dir='ltr'>wie:</span> <span class='ocrx_word' id='word_1_128' title='bbox 863 774 985 802; x_wconf 81' lang='lat' dir='ltr'>Dulce</span> <span class='ocrx_word' id='word_1_129' title='bbox 1010 775 1129 803; x_wconf 83' lang='lat' dir='ltr'>melos</span> <span class='ocrx_word' id='word_1_130' title='bbox 1151 784 1230 802; x_wconf 87' lang='lat' dir='ltr'>cum</span> <span class='ocrx_word' id='word_1_131' title='bbox 1251 777 1443 803; x_wconf 72' lang='lat' dir='ltr'>concentu.</span> <span class='ocrx_word' id='word_1_132' title='bbox 1464 790 1503 795; x_wconf 87' lang='lat'>—</span> 
     </span>
     <span class='ocr_line' id='line_1_15' title="bbox 160 809 554 847; baseline -0.003 -7"><span class='ocrx_word' id='word_1_133' title='bbox 160 811 219 840; x_wconf 83' lang='lat' dir='ltr'>Cfr.</span> <span class='ocrx_word' id='word_1_134' title='bbox 239 811 412 847; x_wconf 86' lang='lat' dir='ltr'>Klemming</span> <span class='ocrx_word' id='word_1_135' title='bbox 430 812 486 847; x_wconf 88' lang='lat'>111,</span> <span class='ocrx_word' id='word_1_136' title='bbox 508 809 554 839; x_wconf 87' lang='lat'>90.</span> 
     </span>
    </p>
   </div>
   <div class='ocr_carea' id='block_1_4' title="bbox 568 906 1085 939">
    <p class='ocr_par' dir='ltr' id='par_1_4' title="bbox 568 906 1085 939">
     <span class='ocr_line' id='line_1_16' title="bbox 568 906 1085 939; baseline 0 -2"><span class='ocrx_word' id='word_1_137' title='bbox 568 906 639 938; x_wconf 80' lang='lat'>220.</span> <span class='ocrx_word' id='word_1_138' title='bbox 672 907 715 939; x_wconf 90' lang='lat' dir='ltr'>De</span> <span class='ocrx_word' id='word_1_139' title='bbox 735 915 777 938; x_wconf 87' lang='lat' dir='ltr'>ss.</span> <span class='ocrx_word' id='word_1_140' title='bbox 798 907 889 939; x_wconf 87' lang='lat' dir='ltr'>Iusta</span> <span class='ocrx_word' id='word_1_141' title='bbox 913 908 946 939; x_wconf 85' lang='lat' dir='ltr'>et</span> <span class='ocrx_word' id='word_1_142' title='bbox 964 907 1085 939; x_wconf 84' lang='lat' dir='ltr'>Rufina.</span> 
     </span>
    </p>
   </div>
   <div class='ocr_carea' id='block_1_5' title="bbox 165 977 1496 1768">
    <p class='ocr_par' dir='ltr' id='par_1_5' title="bbox 165 977 1496 1768">
     <span class='ocr_line' id='line_1_17' title="bbox 169 977 1383 1019; baseline 0 -9"><span class='ocrx_word' id='word_1_143' title='bbox 169 977 231 1012; x_wconf 75' lang='lat' dir='ltr'>la.</span> <span class='ocrx_word' id='word_1_144' title='bbox 258 977 379 1011; x_wconf 87' lang='lat' dir='ltr'>Divina</span> <span class='ocrx_word' id='word_1_145' title='bbox 405 979 487 1011; x_wconf 85' lang='lat' dir='ltr'>caeli</span> <span class='ocrx_word' id='word_1_146' title='bbox 513 979 642 1019; x_wconf 84' lang='lat' dir='ltr'>agmina</span> <span class='ocrx_word' id='word_1_147' title='bbox 866 979 926 1012; x_wconf 68' lang='lat' dir='ltr'>lb.</span> <span class='ocrx_word' id='word_1_148' title='bbox 953 979 1002 1011; x_wconf 84' lang='lat' dir='ltr'>Te</span> <span class='ocrx_word' id='word_1_149' title='bbox 1027 979 1145 1012; x_wconf 83' lang='lat' dir='ltr'>Sedem</span> <span class='ocrx_word' id='word_1_150' title='bbox 1173 979 1236 1011; x_wconf 86' lang='lat' dir='ltr'>dici</span> <span class='ocrx_word' id='word_1_151' title='bbox 1265 979 1383 1019; x_wconf 83' lang='lat' dir='ltr'>decuit,</span> 
     </span>
     <span class='ocr_line' id='line_1_18' title="bbox 257 1025 1383 1067; baseline -0.001 -8"><span class='ocrx_word' id='word_1_152' title='bbox 257 1025 432 1067; x_wconf 88' lang='lat' dir='ltr'>Decorant‚</span> <span class='ocrx_word' id='word_1_153' title='bbox 463 1027 588 1059; x_wconf 86' lang='lat' dir='ltr'>dictant</span> <span class='ocrx_word' id='word_1_154' title='bbox 614 1027 757 1059; x_wconf 89' lang='lat' dir='ltr'>carmina</span> <span class='ocrx_word' id='word_1_155' title='bbox 954 1027 1002 1059; x_wconf 91' lang='lat' dir='ltr'>Te</span> <span class='ocrx_word' id='word_1_156' title='bbox 1029 1027 1217 1060; x_wconf 77' lang='lat' dir='ltr'>cathedram</span> <span class='ocrx_word' id='word_1_157' title='bbox 1242 1027 1383 1060; x_wconf 88' lang='lat' dir='ltr'>instituit</span> 
     </span>
     <span class='ocr_line' id='line_1_19' title="bbox 254 1074 1470 1117; baseline 0.002 -10"><span class='ocrx_word' id='word_1_158' title='bbox 254 1074 308 1108; x_wconf 91' lang='lat' dir='ltr'>De</span> <span class='ocrx_word' id='word_1_159' title='bbox 333 1077 378 1115; x_wconf 80' lang='lat' dir='ltr'>te,</span> <span class='ocrx_word' id='word_1_160' title='bbox 414 1083 545 1116; x_wconf 83' lang='lat' dir='ltr'>sponsa,</span> <span class='ocrx_word' id='word_1_161' title='bbox 570 1084 631 1115; x_wconf 81' lang='lat' dir='ltr'>per</span> <span class='ocrx_word' id='word_1_162' title='bbox 656 1075 798 1108; x_wconf 87' lang='lat' dir='ltr'>nomina.</span> <span class='ocrx_word' id='word_1_163' title='bbox 953 1075 1037 1116; x_wconf 81' lang='lat' dir='ltr'>Rex,</span> <span class='ocrx_word' id='word_1_164' title='bbox 1064 1076 1120 1116; x_wconf 85' lang='lat' dir='ltr'>qui</span> <span class='ocrx_word' id='word_1_165' title='bbox 1143 1077 1178 1108; x_wconf 85' lang='lat' dir='ltr'>in</span> <span class='ocrx_word' id='word_1_166' title='bbox 1203 1078 1236 1107; x_wconf 83' lang='lat' dir='ltr'>te</span> <span class='ocrx_word' id='word_1_167' title='bbox 1262 1075 1470 1117; x_wconf 83' lang='lat' dir='ltr'>complacuit.</span> 
     </span>
     <span class='ocr_line' id='line_1_20' title="bbox 169 1141 1317 1186; baseline -0.001 -11"><span class='ocrx_word' id='word_1_168' title='bbox 169 1144 228 1175; x_wconf 87' lang='lat' dir='ltr'>2a.</span> <span class='ocrx_word' id='word_1_169' title='bbox 257 1142 346 1184; x_wconf 80' lang='lat' dir='ltr'>Alta,</span> <span class='ocrx_word' id='word_1_170' title='bbox 373 1142 521 1174; x_wconf 84' lang='lat' dir='ltr'>sublimis</span> <span class='ocrx_word' id='word_1_171' title='bbox 547 1142 688 1186; x_wconf 84' lang='lat' dir='ltr'>aethere,</span> <span class='ocrx_word' id='word_1_172' title='bbox 869 1143 928 1177; x_wconf 84' lang='lat' dir='ltr'>2b.</span> <span class='ocrx_word' id='word_1_173' title='bbox 954 1143 1162 1176; x_wconf 86' lang='lat' dir='ltr'>Amoenitate</span> <span class='ocrx_word' id='word_1_174' title='bbox 1190 1141 1317 1181; x_wconf 88' lang='lat' dir='ltr'>fluvius,</span> 
     </span>
     <span class='ocr_line' id='line_1_21' title="bbox 255 1189 1455 1235; baseline 0 -13"><span class='ocrx_word' id='word_1_175' title='bbox 255 1190 382 1230; x_wconf 85' lang='lat' dir='ltr'>Sponsa</span> <span class='ocrx_word' id='word_1_176' title='bbox 407 1192 578 1223; x_wconf 83' lang='lat' dir='ltr'>coniuncta</span> <span class='ocrx_word' id='word_1_177' title='bbox 605 1189 738 1223; x_wconf 82' lang='lat' dir='ltr'>foedere</span> <span class='ocrx_word' id='word_1_178' title='bbox 954 1191 1037 1235; x_wconf 81' lang='lat' dir='ltr'>Lux,</span> <span class='ocrx_word' id='word_1_179' title='bbox 1066 1191 1106 1223; x_wconf 85' lang='lat' dir='ltr'>de</span> <span class='ocrx_word' id='word_1_180' title='bbox 1132 1200 1196 1233; x_wconf 82' lang='lat' dir='ltr'>qua</span> <span class='ocrx_word' id='word_1_181' title='bbox 1217 1192 1317 1224; x_wconf 79' lang='lat' dir='ltr'>micat</span> <span class='ocrx_word' id='word_1_182' title='bbox 1341 1190 1455 1224; x_wconf 83' lang='lat' dir='ltr'>radius</span> 
     </span>
     <span class='ocr_line' id='line_1_22' title="bbox 253 1238 1496 1283; baseline 0.002 -12"><span class='ocrx_word' id='word_1_183' title='bbox 253 1240 374 1282; x_wconf 83' lang='lat' dir='ltr'>Iustae,</span> <span class='ocrx_word' id='word_1_184' title='bbox 403 1238 541 1271; x_wconf 87' lang='lat' dir='ltr'>Rufinae</span> <span class='ocrx_word' id='word_1_185' title='bbox 565 1242 726 1280; x_wconf 82' lang='lat' dir='ltr'>tempore.</span> <span class='ocrx_word' id='word_1_186' title='bbox 953 1239 1109 1283; x_wconf 86' lang='lat' dir='ltr'>Nascens,</span> <span class='ocrx_word' id='word_1_187' title='bbox 1141 1241 1284 1273; x_wconf 85' lang='lat' dir='ltr'>lustrans</span> <span class='ocrx_word' id='word_1_188' title='bbox 1311 1240 1345 1271; x_wconf 90' lang='lat' dir='ltr'>in</span> <span class='ocrx_word' id='word_1_189' title='bbox 1369 1239 1496 1273; x_wconf 81' lang='lat' dir='ltr'>melius,</span> 
     </span>
     <span class='ocr_line' id='line_1_23' title="bbox 167 1306 1320 1348; baseline 0 -9"><span class='ocrx_word' id='word_1_190' title='bbox 167 1308 228 1340; x_wconf 71' lang='lat' dir='ltr'>Sa.</span> <span class='ocrx_word' id='word_1_191' title='bbox 255 1307 346 1340; x_wconf 80' lang='lat' dir='ltr'>Sicut</span> <span class='ocrx_word' id='word_1_192' title='bbox 372 1315 448 1339; x_wconf 78' lang='lat' dir='ltr'>caro</span> <span class='ocrx_word' id='word_1_193' title='bbox 474 1307 544 1340; x_wconf 88' lang='lat' dir='ltr'>Deo</span> <span class='ocrx_word' id='word_1_194' title='bbox 572 1307 650 1339; x_wconf 83' lang='lat' dir='ltr'>data</span> <span class='ocrx_word' id='word_1_195' title='bbox 867 1307 927 1342; x_wconf 82' lang='lat' dir='ltr'>3b.</span> <span class='ocrx_word' id='word_1_196' title='bbox 954 1306 1047 1339; x_wconf 81' lang='lat' dir='ltr'>Sicut</span> <span class='ocrx_word' id='word_1_197' title='bbox 1070 1308 1182 1348; x_wconf 82' lang='lat' dir='ltr'>requie</span> <span class='ocrx_word' id='word_1_198' title='bbox 1208 1307 1320 1340; x_wconf 82' lang='lat' dir='ltr'>divina</span> 
     </span>
     <span class='ocr_line' id='line_1_24' title="bbox 254 1354 1401 1399; baseline 0 -12"><span class='ocrx_word' id='word_1_199' title='bbox 254 1355 424 1396; x_wconf 75' lang='lat' dir='ltr'>virginum</span> <span class='ocrx_word' id='word_1_200' title='bbox 451 1359 500 1387; x_wconf 84' lang='lat' dir='ltr'>est</span> <span class='ocrx_word' id='word_1_201' title='bbox 527 1356 688 1396; x_wconf 86' lang='lat' dir='ltr'>copulata,</span> <span class='ocrx_word' id='word_1_202' title='bbox 953 1355 1079 1388; x_wconf 88' lang='lat' dir='ltr'>Sistunt</span> <span class='ocrx_word' id='word_1_203' title='bbox 1103 1356 1193 1388; x_wconf 88' lang='lat' dir='ltr'>Iusta</span> <span class='ocrx_word' id='word_1_204' title='bbox 1219 1358 1252 1387; x_wconf 85' lang='lat' dir='ltr'>et</span> <span class='ocrx_word' id='word_1_205' title='bbox 1274 1354 1401 1399; x_wconf 87' lang='lat' dir='ltr'>Rufina,</span> 
     </span>
     <span class='ocr_line' id='line_1_25' title="bbox 252 1403 1419 1445; baseline 0 -9"><span class='ocrx_word' id='word_1_206' title='bbox 252 1404 307 1437; x_wconf 87' lang='lat' dir='ltr'>Sic</span> <span class='ocrx_word' id='word_1_207' title='bbox 331 1403 369 1436; x_wconf 90' lang='lat' dir='ltr'>fis</span> <span class='ocrx_word' id='word_1_208' title='bbox 397 1403 525 1436; x_wconf 88' lang='lat' dir='ltr'>Christo</span> <span class='ocrx_word' id='word_1_209' title='bbox 552 1405 769 1444; x_wconf 78' lang='lat' dir='ltr'>desponsata3</span> <span class='ocrx_word' id='word_1_210' title='bbox 953 1404 1008 1437; x_wconf 88' lang='lat' dir='ltr'>Sic</span> <span class='ocrx_word' id='word_1_211' title='bbox 1031 1407 1076 1445; x_wconf 87' lang='lat' dir='ltr'>tu,</span> <span class='ocrx_word' id='word_1_212' title='bbox 1104 1404 1206 1437; x_wconf 87' lang='lat' dir='ltr'>Sedes</span> <span class='ocrx_word' id='word_1_213' title='bbox 1233 1404 1419 1437; x_wconf 89' lang='lat' dir='ltr'>caelestina.</span> 
     </span>
     <span class='ocr_line' id='line_1_26' title="bbox 165 1470 1420 1514; baseline 0 -10"><span class='ocrx_word' id='word_1_214' title='bbox 165 1472 225 1506; x_wconf 85' lang='lat' dir='ltr'>4a.</span> <span class='ocrx_word' id='word_1_215' title='bbox 254 1471 344 1504; x_wconf 85' lang='lat' dir='ltr'>Sicut</span> <span class='ocrx_word' id='word_1_216' title='bbox 369 1471 450 1511; x_wconf 84' lang='lat' dir='ltr'>ipsis</span> <span class='ocrx_word' id='word_1_217' title='bbox 476 1471 646 1512; x_wconf 87' lang='lat' dir='ltr'>virginalis</span> <span class='ocrx_word' id='word_1_218' title='bbox 863 1472 924 1507; x_wconf 87' lang='lat' dir='ltr'>4b.</span> <span class='ocrx_word' id='word_1_219' title='bbox 950 1470 1043 1507; x_wconf 87' lang='lat' dir='ltr'>Iusta</span> <span class='ocrx_word' id='word_1_220' title='bbox 1068 1473 1197 1505; x_wconf 87' lang='lat' dir='ltr'>scandit</span> <span class='ocrx_word' id='word_1_221' title='bbox 1222 1472 1420 1514; x_wconf 85' lang='lat' dir='ltr'>principatu,</span> 
     </span>
     <span class='ocr_line' id='line_1_27' title="bbox 251 1519 1310 1564; baseline 0.001 -12"><span class='ocrx_word' id='word_1_222' title='bbox 251 1520 360 1553; x_wconf 87' lang='lat' dir='ltr'>Decor</span> <span class='ocrx_word' id='word_1_223' title='bbox 385 1524 474 1552; x_wconf 88' lang='lat' dir='ltr'>serta</span> <span class='ocrx_word' id='word_1_224' title='bbox 501 1524 549 1552; x_wconf 88' lang='lat' dir='ltr'>est</span> <span class='ocrx_word' id='word_1_225' title='bbox 575 1520 703 1564; x_wconf 78' lang='lat' dir='ltr'>regalis,</span> <span class='ocrx_word' id='word_1_226' title='bbox 950 1519 1070 1554; x_wconf 81' lang='lat' dir='ltr'>Rufina</span> <span class='ocrx_word' id='word_1_227' title='bbox 1095 1520 1161 1552; x_wconf 89' lang='lat' dir='ltr'>alte</span> <span class='ocrx_word' id='word_1_228' title='bbox 1186 1524 1310 1560; x_wconf 88' lang='lat' dir='ltr'>senatu,</span> 
     </span>
     <span class='ocr_line' id='line_1_28' title="bbox 254 1568 1322 1610; baseline 0.001 -9"><span class='ocrx_word' id='word_1_229' title='bbox 254 1568 304 1602; x_wconf 91' lang='lat' dir='ltr'>Tu</span> <span class='ocrx_word' id='word_1_230' title='bbox 330 1577 451 1601; x_wconf 86' lang='lat' dir='ltr'>corona</span> <span class='ocrx_word' id='word_1_231' title='bbox 475 1569 680 1610; x_wconf 81' lang='lat' dir='ltr'>principalis,</span> <span class='ocrx_word' id='word_1_232' title='bbox 951 1569 1002 1601; x_wconf 86' lang='lat' dir='ltr'>Tu</span> <span class='ocrx_word' id='word_1_233' title='bbox 1027 1569 1322 1610; x_wconf 84' lang='lat' dir='ltr'>archiepiscopatu.</span> 
     </span>
     <span class='ocr_line' id='line_1_29' title="bbox 165 1636 1370 1678; baseline 0 -8"><span class='ocrx_word' id='word_1_234' title='bbox 165 1638 226 1670; x_wconf 90' lang='lat' dir='ltr'>5a.</span> <span class='ocrx_word' id='word_1_235' title='bbox 253 1637 335 1671; x_wconf 84' lang='lat' dir='ltr'>Illae</span> <span class='ocrx_word' id='word_1_236' title='bbox 360 1637 465 1670; x_wconf 88' lang='lat' dir='ltr'>fluunt</span> <span class='ocrx_word' id='word_1_237' title='bbox 489 1638 542 1670; x_wconf 88' lang='lat' dir='ltr'>lac</span> <span class='ocrx_word' id='word_1_238' title='bbox 569 1639 722 1671; x_wconf 88' lang='lat' dir='ltr'>decorum</span> <span class='ocrx_word' id='word_1_239' title='bbox 865 1637 923 1673; x_wconf 85' lang='lat' dir='ltr'>5b.</span> <span class='ocrx_word' id='word_1_240' title='bbox 952 1636 977 1670; x_wconf 95' lang='lat' dir='ltr'>O</span> <span class='ocrx_word' id='word_1_241' title='bbox 1004 1637 1152 1670; x_wconf 86' lang='lat' dir='ltr'>sublimis</span> <span class='ocrx_word' id='word_1_242' title='bbox 1176 1637 1370 1678; x_wconf 82' lang='lat' dir='ltr'>imperatrix</span> 
     </span>
     <span class='ocr_line' id='line_1_30' title="bbox 254 1685 1382 1729; baseline -0.001 -10"><span class='ocrx_word' id='word_1_243' title='bbox 254 1686 453 1727; x_wconf 87' lang='lat' dir='ltr'>Virginalem</span> <span class='ocrx_word' id='word_1_244' title='bbox 477 1689 553 1720; x_wconf 89' lang='lat' dir='ltr'>ante</span> <span class='ocrx_word' id='word_1_245' title='bbox 577 1686 716 1725; x_wconf 89' lang='lat' dir='ltr'>thorum,</span> <span class='ocrx_word' id='word_1_246' title='bbox 955 1685 1188 1727; x_wconf 85' lang='lat' dir='ltr'>Virginumque</span> <span class='ocrx_word' id='word_1_247' title='bbox 1212 1686 1382 1729; x_wconf 85' lang='lat' dir='ltr'>imitatrix,</span> 
     </span>
     <span class='ocr_line' id='line_1_31' title="bbox 253 1734 1408 1768; baseline 0 0"><span class='ocrx_word' id='word_1_248' title='bbox 253 1734 303 1768; x_wconf 88' lang='lat' dir='ltr'>Tu</span> <span class='ocrx_word' id='word_1_249' title='bbox 322 1735 503 1768; x_wconf 89' lang='lat' dir='ltr'>doctrinam</span> <span class='ocrx_word' id='word_1_250' title='bbox 517 1743 643 1767; x_wconf 87' lang='lat' dir='ltr'>sacram</span> <span class='ocrx_word' id='word_1_251' title='bbox 657 1744 793 1768; x_wconf 90' lang='lat' dir='ltr'>morum.</span> <span class='ocrx_word' id='word_1_252' title='bbox 952 1734 1004 1767; x_wconf 88' lang='lat' dir='ltr'>Sis</span> <span class='ocrx_word' id='word_1_253' title='bbox 1030 1735 1064 1766; x_wconf 93' lang='lat' dir='ltr'>in</span> <span class='ocrx_word' id='word_1_254' title='bbox 1091 1735 1190 1767; x_wconf 82' lang='lat' dir='ltr'>caelis</span> <span class='ocrx_word' id='word_1_255' title='bbox 1217 1735 1408 1768; x_wconf 81' lang='lat' dir='ltr'>collocatrix</span> 
     </span>
    </p>
   </div>
   <div class='ocr_carea' id='block_1_6' title="bbox 545 1801 1107 1836">
    <p class='ocr_par' dir='ltr' id='par_1_6' title="bbox 545 1801 1107 1836">
     <span class='ocr_line' id='line_1_32' title="bbox 545 1801 1107 1836; baseline 0.002 -1"><span class='ocrx_word' id='word_1_256' title='bbox 545 1803 577 1835; x_wconf 88' lang='grc'>6.</span> <span class='ocrx_word' id='word_1_257' title='bbox 604 1801 643 1835; x_wconf 88' lang='lat' dir='ltr'>In</span> <span class='ocrx_word' id='word_1_258' title='bbox 668 1802 796 1835; x_wconf 86' lang='lat' dir='ltr'>laetitia</span> <span class='ocrx_word' id='word_1_259' title='bbox 821 1804 854 1835; x_wconf 89' lang='lat' dir='ltr'>et</span> <span class='ocrx_word' id='word_1_260' title='bbox 880 1801 1107 1836; x_wconf 81' lang='lat' dir='ltr'>exsultatione.</span> 
     </span>
    </p>
   </div>
   <div class='ocr_carea' id='block_1_7' title="bbox 150 1867 1498 1986">
    <p class='ocr_par' dir='ltr' id='par_1_7' title="bbox 150 1867 1498 1986">
     <span class='ocr_line' id='line_1_33' title="bbox 231 1867 1497 1906; baseline 0 -8"><span class='ocrx_word' id='word_1_261' title='bbox 231 1871 317 1898; x_wconf 89' lang='lat' dir='ltr'>Brev.</span> <span class='ocrx_word' id='word_1_262' title='bbox 344 1870 657 1906; x_wconf 70' lang='lat' dir='ltr'>Caesaraugustanum</span> <span class='ocrx_word' id='word_1_263' title='bbox 689 1872 760 1906; x_wconf 73' lang='lat' dir='ltr'>imp.</span> <span class='ocrx_word' id='word_1_264' title='bbox 786 1870 923 1899; x_wconf 76' lang='lat' dir='ltr'>Venetiis</span> <span class='ocrx_word' id='word_1_265' title='bbox 954 1867 1038 1899; x_wconf 85' lang='lat'>1496.</span> <span class='ocrx_word' id='word_1_266' title='bbox 1067 1885 1106 1890; x_wconf 91' lang='lat'>--</span> <span class='ocrx_word' id='word_1_267' title='bbox 1132 1870 1210 1898; x_wconf 84' lang='lat' dir='ltr'>Dort</span> <span class='ocrx_word' id='word_1_268' title='bbox 1235 1869 1426 1898; x_wconf 78' lang='lat' dir='ltr'>verzeichnet</span> <span class='ocrx_word' id='word_1_269' title='bbox 1451 1871 1497 1898; x_wconf 83' lang='lat' dir='ltr'>als</span> 
     </span>
     <span class='ocr_line' id='line_1_34' title="bbox 150 1906 1498 1946; baseline -0.001 -8"><span class='ocrx_word' id='word_1_270' title='bbox 150 1909 296 1938; x_wconf 83' lang='lat' dir='ltr'>Prosella.</span> <span class='ocrx_word' id='word_1_271' title='bbox 320 1925 359 1929; x_wconf 91' lang='lat'>—-</span> <span class='ocrx_word' id='word_1_272' title='bbox 379 1906 434 1943; x_wconf 72' lang='lat'>32,</span> <span class='ocrx_word' id='word_1_273' title='bbox 458 1907 472 1937; x_wconf 88' lang='lat'>1</span> <span class='ocrx_word' id='word_1_274' title='bbox 493 1908 586 1937; x_wconf 85' lang='lat' dir='ltr'>Dicit.</span> <span class='ocrx_word' id='word_1_275' title='bbox 609 1924 645 1929; x_wconf 49' lang='grc' dir='ltr'>κ·-</span> <span class='ocrx_word' id='word_1_276' title='bbox 666 1907 719 1944; x_wconf 70' lang='lat'>312,</span> <span class='ocrx_word' id='word_1_277' title='bbox 744 1907 757 1936; x_wconf 90' lang='lat'>1</span> <span class='ocrx_word' id='word_1_278' title='bbox 780 1910 907 1946; x_wconf 67' lang='lat' dir='ltr'>requies..</span> <span class='ocrx_word' id='word_1_279' title='bbox 933 1927 966 1930; x_wconf 98' lang='lat'>--</span> <span class='ocrx_word' id='word_1_280' title='bbox 987 1907 1041 1944; x_wconf 72' lang='lat'>4³,</span> <span class='ocrx_word' id='word_1_281' title='bbox 1065 1906 1080 1937; x_wconf 85' lang='lat'>1</span> <span class='ocrx_word' id='word_1_282' title='bbox 1102 1909 1197 1944; x_wconf 84' lang='lat' dir='ltr'>ipsius</span> <span class='ocrx_word' id='word_1_283' title='bbox 1230 1923 1260 1927; x_wconf 91' lang='lat'>—</span> <span class='ocrx_word' id='word_1_284' title='bbox 1288 1906 1342 1943; x_wconf 85' lang='lat' dir='ltr'>4a,</span> <span class='ocrx_word' id='word_1_285' title='bbox 1364 1907 1382 1936; x_wconf 87' lang='lat'>2</span> <span class='ocrx_word' id='word_1_286' title='bbox 1404 1911 1498 1945; x_wconf 88' lang='lat' dir='ltr'>certa;</span> 
     </span>
     <span class='ocr_line' id='line_1_35' title="bbox 152 1946 1497 1986; baseline -0.001 -9"><span class='ocrx_word' id='word_1_287' title='bbox 152 1951 231 1978; x_wconf 84' lang='lat' dir='ltr'>serta</span> <span class='ocrx_word' id='word_1_288' title='bbox 253 1948 320 1976; x_wconf 88' lang='lat' dir='ltr'>hier</span> <span class='ocrx_word' id='word_1_289' title='bbox 340 1948 385 1976; x_wconf 86' lang='lat' dir='ltr'>als</span> <span class='ocrx_word' id='word_1_290' title='bbox 407 1949 483 1986; x_wconf 88' lang='lat' dir='ltr'>sing.</span> <span class='ocrx_word' id='word_1_291' title='bbox 504 1947 522 1975; x_wconf 86' lang='lat' dir='ltr'>f.</span> <span class='ocrx_word' id='word_1_292' title='bbox 543 1956 571 1984; x_wconf 85' lang='lat' dir='ltr'>g.</span> <span class='ocrx_word' id='word_1_293' title='bbox 593 1947 767 1985; x_wconf 68' lang='lat' dir='ltr'>gebraucht.</span> <span class='ocrx_word' id='word_1_294' title='bbox 790 1963 819 1967; x_wconf 94' lang='lat'>-—</span> <span class='ocrx_word' id='word_1_295' title='bbox 848 1946 899 1984; x_wconf 62' lang='grc' dir='ltr'>δε,</span> <span class='ocrx_word' id='word_1_296' title='bbox 922 1947 940 1976; x_wconf 85' lang='grc'><strong>2</strong></span> <span class='ocrx_word' id='word_1_297' title='bbox 961 1947 1126 1986; x_wconf 69' lang='lat' dir='ltr'>Vir-ginale.</span> <span class='ocrx_word' id='word_1_298' title='bbox 1147 1963 1184 1968; x_wconf 88' lang='lat'>—-</span> <span class='ocrx_word' id='word_1_299' title='bbox 1205 1948 1279 1975; x_wconf 84' lang='lat' dir='ltr'>Zum</span> <span class='ocrx_word' id='word_1_300' title='bbox 1298 1948 1497 1976; x_wconf 75' lang='lat' dir='ltr'>Verst&#39;aindnis</span> 
     </span>
    </p>
   </div>
   <div class='ocr_carea' id='block_1_8' title="bbox 151 1987 1498 2096">
    <p class='ocr_par' dir='ltr' id='par_1_8' title="bbox 151 1987 1498 2096">
     <span class='ocr_line' id='line_1_36' title="bbox 151 1987 1497 2025; baseline 0 -9"><span class='ocrx_word' id='word_1_301' title='bbox 151 1989 196 2017; x_wconf 83' lang='lat' dir='ltr'>sei</span> <span class='ocrx_word' id='word_1_302' title='bbox 223 1987 375 2022; x_wconf 82' lang='lat' dir='ltr'>bemerkt,</span> <span class='ocrx_word' id='word_1_303' title='bbox 401 1987 467 2015; x_wconf 84' lang='lat' dir='ltr'>dass</span> <span class='ocrx_word' id='word_1_304' title='bbox 492 1989 525 2015; x_wconf 93' lang='lat' dir='ltr'>in</span> <span class='ocrx_word' id='word_1_305' title='bbox 550 1987 602 2016; x_wconf 87' lang='lat' dir='ltr'>der</span> <span class='ocrx_word' id='word_1_306' title='bbox 627 1995 744 2025; x_wconf 83' lang='lat' dir='ltr'>ganzen</span> <span class='ocrx_word' id='word_1_307' title='bbox 769 1987 905 2025; x_wconf 80' lang='lat' dir='ltr'>Sequenz</span> <span class='ocrx_word' id='word_1_308' title='bbox 933 1988 989 2016; x_wconf 86' lang='lat' dir='ltr'>mit</span> <span class='ocrx_word' id='word_1_309' title='bbox 1013 1987 1183 2016; x_wconf 85' lang='lat' dir='ltr'>nationaler</span> <span class='ocrx_word' id='word_1_310' title='bbox 1202 1987 1420 2025; x_wconf 82' lang='lat' dir='ltr'>Begeisterung</span> <span class='ocrx_word' id='word_1_311' title='bbox 1448 1987 1497 2016; x_wconf 89' lang='lat' dir='ltr'>die</span> 
     </span>
     <span class='ocr_line' id='line_1_37' title="bbox 151 2024 1498 2065; baseline 0 -10"><span class='ocrx_word' id='word_1_312' title='bbox 151 2027 337 2057; x_wconf 84' lang='lat' dir='ltr'>Kathedrale</span> <span class='ocrx_word' id='word_1_313' title='bbox 363 2024 540 2063; x_wconf 80' lang='lat' dir='ltr'>Zaragoza’s</span> <span class='ocrx_word' id='word_1_314' title='bbox 570 2027 731 2065; x_wconf 82' lang='lat' dir='ltr'>angeredet</span> <span class='ocrx_word' id='word_1_315' title='bbox 756 2028 805 2055; x_wconf 89' lang='lat' dir='ltr'>ist.</span> <span class='ocrx_word' id='word_1_316' title='bbox 855 2027 907 2055; x_wconf 84' lang='lat' dir='ltr'>La</span> <span class='ocrx_word' id='word_1_317' title='bbox 926 2027 995 2056; x_wconf 85' lang='lat' dir='ltr'>Seo</span> <span class='ocrx_word' id='word_1_318' title='bbox 1022 2025 1125 2062; x_wconf 85' lang='lat' dir='ltr'>(Sedes</span> <span class='ocrx_word' id='word_1_319' title='bbox 1148 2042 1185 2047; x_wconf 92' lang='lat'>—-</span> <span class='ocrx_word' id='word_1_320' title='bbox 1208 2024 1259 2061; x_wconf 87' lang='lat' dir='ltr'>lb,</span> <span class='ocrx_word' id='word_1_321' title='bbox 1277 2025 1304 2062; x_wconf 87' lang='lat'>1)</span> <span class='ocrx_word' id='word_1_322' title='bbox 1330 2026 1423 2055; x_wconf 82' lang='lat' dir='ltr'>heisst</span> <span class='ocrx_word' id='word_1_323' title='bbox 1449 2026 1498 2055; x_wconf 87' lang='lat' dir='ltr'>die</span> 
     </span>
     <span class='ocr_line' id='line_1_38' title="bbox 151 2065 572 2096; baseline -0.005 -1"><span class='ocrx_word' id='word_1_324' title='bbox 151 2065 336 2096; x_wconf 77' lang='lat' dir='ltr'>Kathedrale</span> <span class='ocrx_word' id='word_1_325' title='bbox 357 2066 455 2094; x_wconf 85' lang='lat' dir='ltr'>dieser</span> <span class='ocrx_word' id='word_1_326' title='bbox 476 2065 572 2094; x_wconf 82' lang='lat' dir='ltr'>Stadt.</span> 
     </span>
    </p>
   </div>
   <div class='ocr_carea' id='block_1_9' title="bbox 607 2160 1039 2193">
    <p class='ocr_par' dir='ltr' id='par_1_9' title="bbox 607 2160 1039 2193">
     <span class='ocr_line' id='line_1_39' title="bbox 607 2160 1039 2193; baseline -0.002 0"><span class='ocrx_word' id='word_1_327' title='bbox 607 2160 669 2193; x_wconf 84' lang='lat'>221.</span> <span class='ocrx_word' id='word_1_328' title='bbox 699 2160 744 2193; x_wconf 86' lang='lat' dir='ltr'>De</span> <span class='ocrx_word' id='word_1_329' title='bbox 765 2160 880 2193; x_wconf 81' lang='lat' dir='ltr'>sancta</span> <span class='ocrx_word' id='word_1_330' title='bbox 899 2160 1039 2193; x_wconf 83' lang='lat' dir='ltr'>Iustina.</span> 
     </span>
    </p>
   </div>
   <div class='ocr_carea' id='block_1_10' title="bbox 567 2233 1077 2324">
    <p class='ocr_par' dir='ltr' id='par_1_10' title="bbox 567 2233 1077 2324">
     <span class='ocr_line' id='line_1_40' title="bbox 567 2233 1068 2267; baseline -0.004 0"><span class='ocrx_word' id='word_1_331' title='bbox 567 2234 599 2267; x_wconf 92' lang='lat'>1.</span> <span class='ocrx_word' id='word_1_332' title='bbox 625 2233 664 2266; x_wconf 81' lang='lat' dir='ltr'>In</span> <span class='ocrx_word' id='word_1_333' title='bbox 689 2234 753 2267; x_wconf 88' lang='lat' dir='ltr'>hac</span> <span class='ocrx_word' id='word_1_334' title='bbox 778 2242 873 2266; x_wconf 86' lang='lat' dir='ltr'>sacra</span> <span class='ocrx_word' id='word_1_335' title='bbox 898 2233 1068 2266; x_wconf 84' lang='lat' dir='ltr'>sollemnia</span> 
     </span>
     <span class='ocr_line' id='line_1_41' title="bbox 624 2282 1077 2324; baseline 0.002 -9"><span class='ocrx_word' id='word_1_336' title='bbox 624 2291 719 2316; x_wconf 88' lang='lat' dir='ltr'>voces</span> <span class='ocrx_word' id='word_1_337' title='bbox 740 2282 774 2315; x_wconf 92' lang='lat' dir='ltr'>in</span> <span class='ocrx_word' id='word_1_338' title='bbox 801 2286 890 2315; x_wconf 88' lang='lat' dir='ltr'>astra</span> <span class='ocrx_word' id='word_1_339' title='bbox 915 2286 1077 2324; x_wconf 86' lang='lat' dir='ltr'>resonent,</span> 
     </span>
    </p>
   </div>
   <div class='ocr_carea' id='block_1_11' title="bbox 158 2349 1476 2492">
    <p class='ocr_par' dir='ltr' id='par_1_11' title="bbox 158 2349 1476 2492">
     <span class='ocr_line' id='line_1_42' title="bbox 158 2349 1330 2393; baseline -0.002 -7"><span class='ocrx_word' id='word_1_340' title='bbox 158 2353 221 2386; x_wconf 70' lang='lat' dir='ltr'>aa.</span> <span class='ocrx_word' id='word_1_341' title='bbox 248 2351 298 2387; x_wconf 77' lang='lat' dir='ltr'>Ut</span> <span class='ocrx_word' id='word_1_342' title='bbox 324 2352 432 2385; x_wconf 85' lang='lat' dir='ltr'>cuncti</span> <span class='ocrx_word' id='word_1_343' title='bbox 458 2352 611 2393; x_wconf 85' lang='lat' dir='ltr'>consequi</span> <span class='ocrx_word' id='word_1_344' title='bbox 865 2351 923 2386; x_wconf 83' lang='lat' dir='ltr'>2b.</span> <span class='ocrx_word' id='word_1_345' title='bbox 953 2350 1015 2391; x_wconf 77' lang='lat' dir='ltr'>Qui</span> <span class='ocrx_word' id='word_1_346' title='bbox 1040 2360 1152 2384; x_wconf 86' lang='lat' dir='ltr'>sexum</span> <span class='ocrx_word' id='word_1_347' title='bbox 1180 2349 1330 2392; x_wconf 79' lang='lat' dir='ltr'>fragilem</span> 
     </span>
     <span class='ocr_line' id='line_1_43' title="bbox 248 2400 1217 2435; baseline -0.001 -2"><span class='ocrx_word' id='word_1_348' title='bbox 248 2401 281 2433; x_wconf 92' lang='lat' dir='ltr'>in</span> <span class='ocrx_word' id='word_1_349' title='bbox 309 2400 430 2435; x_wconf 86' lang='lat' dir='ltr'>sanctis</span> <span class='ocrx_word' id='word_1_350' title='bbox 453 2402 521 2434; x_wconf 84' lang='lat' dir='ltr'>suis</span> <span class='ocrx_word' id='word_1_351' title='bbox 951 2401 985 2433; x_wconf 91' lang='lat' dir='ltr'>in</span> <span class='ocrx_word' id='word_1_352' title='bbox 1012 2400 1217 2433; x_wconf 89' lang='lat' dir='ltr'>sanctissima</span> 
     </span>
     <span class='ocr_line' id='line_1_44' title="bbox 247 2449 1476 2492; baseline -0.001 -11"><span class='ocrx_word' id='word_1_353' title='bbox 247 2451 410 2491; x_wconf 84' lang='lat' dir='ltr'>possimus</span> <span class='ocrx_word' id='word_1_354' title='bbox 434 2450 600 2492; x_wconf 86' lang='lat' dir='ltr'>magnalia</span> <span class='ocrx_word' id='word_1_355' title='bbox 623 2449 698 2483; x_wconf 81' lang='lat' dir='ltr'>Dei.</span> <span class='ocrx_word' id='word_1_356' title='bbox 952 2449 1094 2491; x_wconf 84' lang='lat' dir='ltr'>pervicit</span> <span class='ocrx_word' id='word_1_357' title='bbox 1118 2452 1233 2482; x_wconf 84' lang='lat' dir='ltr'>contra</span> <span class='ocrx_word' id='word_1_358' title='bbox 1257 2449 1476 2491; x_wconf 82' lang='lat' dir='ltr'>tyrannidem,</span> 
     </span>
    </p>
   </div>
   <div class='ocr_carea' id='block_1_12' title="bbox 205 2502 1321 2538">
    <p class='ocr_par' dir='ltr' id='par_1_12' title="bbox 205 2502 1321 2538">
     <span class='ocr_line' id='line_1_45' title="bbox 205 2502 1321 2538; baseline 0.002 -6"><span class='ocrx_word' id='word_1_359' title='bbox 205 2508 225 2532; x_wconf 93' lang='lat' dir='ltr'>B</span> <span class='ocrx_word' id='word_1_360' title='bbox 231 2509 241 2532; x_wconf 88' lang='lat'>1</span> <span class='ocrx_word' id='word_1_361' title='bbox 247 2516 264 2533; x_wconf 88' lang='lat' dir='ltr'>u</span> <span class='ocrx_word' id='word_1_362' title='bbox 269 2515 293 2533; x_wconf 86' lang='lat' dir='ltr'>m</span> <span class='ocrx_word' id='word_1_363' title='bbox 298 2515 312 2532; x_wconf 86' lang='lat' dir='ltr'>e</span> <span class='ocrx_word' id='word_1_364' title='bbox 319 2527 325 2537; x_wconf 89' lang='lat'><strong><em>‚</em></strong></span> <span class='ocrx_word' id='word_1_365' title='bbox 343 2509 495 2538; x_wconf 70' lang='lat' dir='ltr'>sequentiae</span> <span class='ocrx_word' id='word_1_366' title='bbox 512 2509 634 2533; x_wconf 81' lang='lat' dir='ltr'>Ineditae.</span> <span class='ocrx_word' id='word_1_367' title='bbox 665 2509 696 2534; x_wconf 88' lang='lat' dir='ltr'>V.</span> <span class='ocrx_word' id='word_1_368' title='bbox 1285 2502 1321 2534; x_wconf 82' lang='lat'>13</span> 
     </span>
    </p>
   </div>
  </div>
 </body>
</html>
