1656 2690
706 117 968 153 —119-

577 217 609 249 9,
639 213 818 247 Conservet

634 271 706 296 cum
732 264 853 303 populo
880 265 1010 309 clerum,

635 311 735 345 donet
759 312 909 345 omnibns
933 321 1048 352 pacem

634 359 798 399 vitamque
824 370 1010 401 perennem.

249 437 333 465 Miss.
356 445 410 465 ms.
432 436 461 465 S.
483 436 632 473 Arnulphi
652 436 797 465 Metensis
819 439 889 465 anni
906 435 991 465 1342.
1030 438 1100 467 Cod.
1126 439 1235 467 Meten.
1249 436 1296 466 42.
1312 439 1346 466 A.
1369 452 1406 456 —
1425 436 1510 464 Miss.
1557 456 1563 462 .

175 485 228 504 ms.
251 475 280 503 S.
303 475 418 511 Arnulp
420 475 452 503 hi
474 475 620 503 Metensis
642 476 713 503 anni
737 473 820 504 1321.
863 475 932 504 Cod.
954 477 1063 505 Meten.
1089 475 1145 505 133
1168 478 1199 505 Β
1231 492 1267 496 --
1297 477 1380 505 Miss.
1403 484 1458 503 ms
1484 475 1514 502 S

172 514 321 550 Arnulphi
350 522 426 542 saec.
452 512 496 542 14.
540 513 611 542 eod.
633 514 742 542 Meton.
766 512 831 542 219.
864 516 895 542 G.
926 529 961 533 —
987 513 1085 550 41),3
1111 515 1186 544 alter
1213 518 1312 543 autem
1334 515 1395 542 AB.
1424 529 1462 533 —
1486 513 1512 541 A

172 553 289 582 enthalt
309 554 358 581 die
377 552 520 582 Melodie

602 659 665 690 130.
702 658 745 689 De
765 658 874 690 sancto
895 658 1084 698 Augustino.

589 740 619 774 1,
647 738 854 778 Splendescit
878 738 1037 771 hodierna

643 787 712 820 dies
737 787 860 828 ingenti
886 786 1022 830 laetitia,

181 866 241 897 2a.
266 864 307 896 In
334 873 398 905 qua
424 863 583 896 catholica

271 913 431 954 gloriatur
458 911 605 952 ecclesia,

177 982 239 1014 32.
266 980 440 1022 Augustini
467 979 562 1023 festa,

268 1030 373 1070 patris
400 1030 516 1072 nostri,

319 1077 506 1109 renovando
533 1077 684 1115 celebria,

180 1148 240 1179 4a.
270 1145 368 1177 Cuius
394 1144 521 1185 eloquia

269 1193 417 1225 redolent
443 1193 530 1226 ultra

316 1241 538 1284 thymiamata,

179 1311 239 1343 5a.
268 1309 412 1342 Clericos
437 1318 550 1342 norma

267 1358 390 1390 indidit
415 1357 526 1390 vivere
552 1367 702 1401 congrua,

269 1427 315 1460 Ut
341 1426 521 1458 communia

267 1477 375 1506 essent
400 1474 508 1506 omnia

267 1531 412 1565 quaeque
437 1532 507 1563 sua,

268 1581 328 1604 nec
351 1570 510 1604 haberent
535 1571 622 1603 ultra
648 1572 791 1612 propria.

179 1642 237 1675 6a.
266 1639 354 1680 Ergo
381 1641 492 1672 nostra
518 1639 636 1673 chorea

270 1689 403 1720 resultet
430 1687 574 1720 carmina

267 1735 406 1769 Domino
433 1745 503 1768 cum
531 1739 626 1768 cantu

315 1785 516 1826 rhythmica3

180 1856 198 1887 7
211 1865 238 1890 a.
269 1854 386 1887 Omnes
412 1863 477 1885 una

266 1903 503 1936 conclamemus
532 1911 608 1934 voce
633 1902 729 1943 celsa,

265 1955 374 1984 mente
397 1950 475 1992 fida,
501 1950 568 1984 fide
592 1959 684 1994 pura,

266 2003 303 2033 ut
328 2001 361 2033 in
385 2002 475 2033 terra
500 2000 589 2033 Deus
615 2002 728 2033 nostra

265 2053 359 2091 regat
384 2058 494 2090 opera,

180 2120 239 2153 8a.
266 2118 291 2151 Ο
318 2118 414 2150 beate
439 2118 631 2159 Angustiae,

266 2166 398 2208 praesul
426 2166 531 2210 digne,

264 2225 324 2248 nos
349 2219 407 2249 tua
428 2215 542 2249 iuvent„
565 2214 738 2255 suffragia3

176 2285 196 2317 9
209 2294 238 2318 a.
264 2283 311 2317 Ut
334 2286 445 2317 nostra
474 2283 630 2317 exaudiat

314 2334 455 2366 clemens
481 2333 711 2374 precamina

617 2403 673 2436 10.
700 2402 733 2435 in
760 2402 864 2444 gloria

882 864 941 897 2b.

969 864 1078 904 Atque
1103 863 1251 903 angelica

970 912 1004 944 in
1032 911 1130 944 caelis
1159 914 1257 944 ovant
1282 912 1419 953 agmina,

880 981 940 1014 3b.
962 979 1014 1012 De
1039 979 1129 1012 cuius
1157 979 1307 1012 doctrina

881 1145 941 1178 4b.

881 1310 940 1344 5b.

879 1642 938 1676 eb.

880 1856 938 1891 7b.

878 2120 938 2156 8b,

877 2285 936 2320 9b.

971 1028 1109 1060 ecclesia

1018 1075 1121 1116 fulget
1146 1085 1206 1116 per
1230 1075 1343 1108 mundi
1369 1075 1508 1108 climata.

969 1144 1110 1177 studens
1137 1144 1192 1184 qui
1217 1144 1361 1175 carmina

968 1192 1100 1233 scripsit
1123 1193 1226 1224 multa

1018 1240 1114 1273 valde
1140 1240 1243 1273 utilia.

969 1309 1098 1342 Gaudet
1122 1307 1239 1341 Africa

970 1358 1009 1389 de
1036 1359 1125 1390 tanto
1152 1359 1291 1398 patrono
1318 1357 1470 1398 praedita

970 1428 1076 1466 Atque
1102 1425 1217 1457 civitas

966 1474 1129 1514 Hipponis
1156 1474 1223 1513 illa,

967 1531 1049 1564 quae
1072 1522 1221 1555 doctrina

969 1571 1087 1604 claruit
1111 1570 1199 1603 illius
1225 1571 1351 1605 sedula.

966 1640 1016 1672 Sit
1041 1639 1112 1672 voci
1138 1648 1228 1672 mens
1255 1648 1405 1683 consona,

968 1691 1001 1720 ut
1029 1689 1182 1729 placeant
1206 1690 1328 1728 nostra,

968 1745 1050 1777 quae
1075 1735 1146 1768 Deo
1173 1736 1355 1777 pangimus,

1016 1784 1153 1818 cantica.

967 1854 1027 1894 Qui
1051 1854 1132 1886 haec
1157 1851 1242 1885 festa

965 1903 1067 1936 sancti
1094 1902 1144 1934 sui
1169 1901 1312 1943 gloriosa

967 1951 1135 1984 cebramus
1160 1953 1258 1992 atque
1284 1951 1382 1993 digna

966 2003 999 2033 et
1023 2001 1057 2033 in
1085 2000 1174 2033 caelo
1200 2009 1258 2032 nos
1285 2005 1417 2034 aeterna

967 2050 1048 2083 ditet
1072 2049 1186 2090 gloria.

965 2119 1016 2152 Tu
1040 2118 1228 2173 praesulum
1243 2115 1303 2150 flos
1322 2120 1354 2150 et
1372 2126 1508 2161 gemma,

968 2177 1067 2209 prece
1092 2176 1148 2207 p1a

965 2226 1027 2257 pro
1044 2215 1139 2249 nobis
1155 2215 1332 2248 Dominum
1347 2216 1499 2255 supplica

964 2285 1008 2317 Et
1036 2285 1134 2318 ducat
1159 2284 1201 2317 ad
1229 2284 1351 2316 caelica

1011 2343 1119 2377 regna,
1149 2342 1228 2374 quo
1254 2333 1413 2366 laetem
1425 2343 1444 2365 u
1456 2343 1472 2365 r

700 2460 760 2492 per
787 2453 903 2484 cuneta
928 2451 1069 2487 saecula.
