1656 2690
732 138 969 174 —74-

195 238 257 270 2a.
283 236 334 268 Tu
359 244 392 268 es
418 235 511 276 virga
537 235 697 277 dedicata,

283 284 335 316 De
358 284 471 316 radice
493 283 584 316 Iesse
608 286 696 325 nata,

331 332 440 364 David
465 332 551 372 regis
577 330 661 374 filia3

196 410 258 443 3a.
286 409 336 440 Tu
361 417 405 449 es,
433 409 535 449 virgo,
561 407 703 450 flagrans
720 408 819 441 rubus

331 457 500 496 Quondam
523 457 610 489 visus
636 457 755 498 Moysi,

194 536 253 567 4a.
279 533 386 566 Ardet
410 534 477 574 ille,
504 534 561 566 sed
587 543 652 566 non
680 534 780 566 sentit

330 582 472 615 Ardoris
496 582 657 625 incendia,

194 661 254 692 5a.
281 659 332 691 Tu
358 668 391 691 es
416 659 520 691 vellus
548 658 710 692 Gedeonis

330 706 555 740 Madefactum
580 707 701 749 pluvia,

195 786 254 818 6a.
282 784 332 816 Tu
358 793 391 816 es
417 787 530 825 portus
555 787 651 825 atque
675 785 788 817 hortus

332 833 480 865 Paradisi
504 831 650 874 floribus„

196 909 214 940 7
228 919 257 942 a.
284 910 333 942 Tu
359 918 393 941 es
417 910 510 951 virga
534 910 655 950 Aaron,

283 959 334 991 Tu
358 961 463 990 mater
489 956 583 990 fortis
609 958 754 998 Samson,

283 1006 334 1037 Tu
360 1015 392 1038 es
418 1015 483 1045 ros,
511 1006 567 1046 qui
590 1007 624 1038 in
650 1006 802 1043 Hermon,

281 1053 333 1085 Ac
357 1063 529 1094 cupressus
554 1055 588 1085 in
613 1053 705 1094 Sion,

195 1132 254 1164 Sa.
282 1130 331 1162 Tu
356 1139 497 1170 superna
523 1131 613 1162 clara
638 1130 742 1173 stella,

331 1178 481 1211 Paradisi
504 1179 617 1220 lilium,

889 235 953 270 ab.
979 235 1029 267 Tu
1055 244 1089 268 es
1114 235 1275 268 thalamus
1301 236 1443 274 ornatus,

888 408 950 444 3b.

888 533 952 567 4b.

889 658 950 693 5b.

888 784 948 817 6b.

889 910 949 943 Π).

977 285 1099 317 Hortus
1115 284 1252 323 clausus,
1268 282 1340 315 fons
1354 282 1513 323 signatus,

1024 332 1119 365 Omni
1143 332 1243 373 plena
1266 331 1382 372 gratia.

979 409 1040 448 Qui
1066 408 1217 441 manebat
1242 407 1463 440 incombustus

1023 458 1061 490 In
1089 457 1217 490 deserto
1243 456 1343 489 Sinai.

979 534 1025 566 Et
1049 537 1084 565 tu
1109 534 1208 573 paris,
1236 533 1295 565 sed
1319 541 1386 565 non
1404 532 1516 574 perdis

1024 582 1172 622 Virginis
1197 582 1349 622 insignia.

977 659 1091 700 Tuque
1116 659 1272 700 templum
1295 658 1475 691 Salomonis

1022 707 1086 739 Dei
1110 707 1242 748 plenum
1269 707 1383 747 gloria.

975 785 1088 825 Tuque
1114 793 1189 817 rosa
1214 784 1374 828 speciosa,

1023 832 1111 864 Nata
1134 833 1169 864 in
1196 832 1410 866 convallibus.

976 910 1026 942 Tu
1050 912 1146 950 porta¹
1169 910 1335 953 Ezechiel,

974 958 1027 990 Ex
1052 962 1086 989 te
1110 958 1194 998 lapis
1219 958 1349 1001 Daniel,

976 1007 1025 1038 Tu
1052 1015 1086 1037 es
1112 1006 1199 1037 salus
1227 1007 1341 1045 Israel,

977 1052 1135 1085 Genetrix
1159 1053 1331 1088 Emanuel.

891 1129 950 1164 8b.
979 1130 1029 1162 Tu
1054 1138 1182 1173 aurora,
1209 1130 1266 1162 lux
1292 1131 1419 1175 decora,

1026 1178 1091 1210 Ora
1116 1180 1207 1210 tuum
1233 1177 1345 1222 filium,

572 1256 604 1288 9.
631 1255 678 1288 Ut
702 1255 745 1286 ad
771 1263 904 1295 regnum
930 1255 1162 1294 sempiternum

626 1302 740 1343 Nobis,
766 1303 833 1344 pia,
859 1305 895 1334 tu
918 1302 962 1334 sis
988 1302 1052 1342 via,

628 1351 653 1384 Ο
682 1351 796 1394 dulcis,
825 1353 938 1382 sancta
961 1350 1080 1382 Maria.

262 1427 400 1463 Sequent.
422 1435 476 1454 ms.
497 1426 711 1464 Aquilegiense
730 1435 808 1454 saec.
830 1424 904 1455 ¹⁴)15.
931 1426 1003 1454 Cod.
1023 1426 1134 1454 Semin.
1156 1427 1301 1455 Goritien.
1321 1429 1345 1456 Ι.
1369 1444 1410 1448 —
1429 1427 1483 1464 3a,
1500 1428 1515 1457 1

185 1471 278 1503 virga.
299 1481 336 1485 —
358 1465 407 1501 Ga,
433 1464 447 1493 1
471 1468 569 1502 potus.

635 1578 683 1609 74.
713 1578 757 1610 De
777 1578 877 1610 Beata
895 1579 998 1611 Maria
1018 1580 1054 1611 V.

195 1661 212 1692 1
224 1669 253 1692 a.
280 1663 386 1691 Areus
412 1660 513 1701 virga,
541 1658 648 1691 ferens
665 1658 816 1700 fructum,

280 1708 411 1740 Primae
423 1708 535 1740 matris
550 1708 667 1739 tollens
682 1708 815 1748 luctum,

329 1756 431 1788 Nobis
458 1755 569 1788 confer
594 1756 723 1796 gaudia.

193 1836 251 1866 2a.
278 1834 326 1867 Ut
350 1834 468 1865 vitrum
495 1834 572 1866 solis
598 1833 692 1866 radio

277 1881 352 1914 Non
377 1882 528 1922 laeditur,
556 1890 617 1913 nec
638 1880 707 1913 fflio

324 1930 442 1962 Matris
469 1930 668 1961 castimonia.

192 2009 211 2041 3
222 2017 251 2041 a.
278 2007 370 2040 Haec
384 2010 434 2039 est
445 2007 566 2039 nardus
582 2006 662 2038 dans
672 2007 814 2049 odorem,

277 2055 374 2088 Cuius
399 2056 481 2087 odor
506 2055 701 2087 salvatorem

324 2103 440 2135 Traxit
465 2103 507 2135 ad
533 2103 688 2143 humilia3

185 2182 248 2214 4a.
275 2180 354 2212 Flos
381 2180 486 2220 campi
511 2183 609 2220 atque
633 2180 736 2212 lilium

277 2228 447 2270 singulare
472 2229 667 2260 convallium

326 2277 420 2309 Vitae
444 2277 691 2317 praeminentia,

190 2359 209 2390 5
225 2365 252 2389 a.
280 2355 331 2387 Tu
355 2357 479 2386 murtus
505 2355 729 2396 temperantia,

275 2404 426 2444 Rosaque
451 2403 619 2444 patientia,

325 2452 421 2486 Oliva
447 2452 627 2484 clementia.

886 1661 943 1694 lb.

886 1834 945 1868 2b.

884 2008 944 2041 3b.

883 2180 944 2215 4b.

885 2355 944 2389 5b.

971 1661 1062 1693 Haec
1096 1665 1146 1694 est
1168 1662 1283 1693 summi
1309 1664 1413 1694 mater
1439 1662 1512 1707 Dei,

973 1710 1062 1749 Quae
1087 1710 1222 1750 pudoris
1246 1710 1385 1751 virginei

1024 1758 1141 1791 Servat
1165 1759 1347 1799 privilegia.

972 1835 1155 1868 Decantate
1180 1845 1290 1868 omnes
1318 1837 1348 1868 ei

973 1883 1090 1922 Corde,
1116 1892 1204 1926 voce,
1233 1885 1379 1924 quamvis
1407 1884 1466 1925 rei,

1019 1931 1148 1963 Laudes
1174 1934 1207 1963 et
1231 1932 1415 1972 praeconia.

969 2008 1058 2040 Fons
1071 2009 1227 2049 signatus,
1243 2009 1369 2041 clausus
1387 2010 1511 2047 hortus,

969 2056 1023 2088 Ex
1049 2065 1110 2096 quo
1128 2057 1276 2090 Christus
1303 2062 1353 2089 est
1379 2063 1511 2092 exortus

1020 2103 1173 2145 Corporis
1199 2107 1395 2146 praesentia.

971 2181 1164 2214 Humilitate
1190 2183 1286 2223 viola,

971 2229 1088 2262 Mundi
1110 2234 1317 2264 contemnens
1345 2231 1464 2265 frivola

1019 2278 1159 2311 Virtutis
1186 2281 1378 2314 constantia.

971 2355 1060 2388 Fons
1086 2356 1253 2389 hortorum
1282 2360 1315 2390 et
1339 2362 1456 2399 puteus

969 2404 1085 2444 Aquae
1110 2405 1204 2438 vivae
1230 2416 1295 2439 non
1320 2407 1437 2451 luteus,

1018 2452 1140 2485 Fluens
1165 2454 1378 2492 abundantia.
