1656 2690
741 116 1005 151 -141—

215 217 279 250 Ga.
307 215 406 248 Sacer
431 225 449 248 o
474 216 714 257 Bonaventura,

306 263 382 296 Tibi
407 272 473 303 cor,
503 272 620 304 corpus
645 263 679 294 in
707 271 784 294 cura

306 312 360 344 Ad
389 312 559 344 colendum
581 312 672 344 velut
696 320 774 343 rura

352 360 492 392 Fructus
520 360 562 393 ad
588 359 811 402 propaginem.

211 429 270 462 7a.
298 427 510 469 Exstirpator
535 427 743 469 serpentinae

298 476 464 518 Haeresis,
491 475 564 510 fons
591 476 792 519 disciplinae,

300 525 366 558 Vas
393 526 543 558 caelestis
569 525 761 566 medicinae,

347 575 503 607 Puritatis
530 575 680 608 caelicae.

211 643 272 676 8a.
300 643 324 675 O
352 642 502 675 columna
526 643 622 675 nimis
648 640 743 674 fortis

303 690 450 731 Sponsae
475 691 599 724 Christi
622 694 655 723 et
672 691 841 730 consortis,

301 739 388 779 Quae
413 740 582 780 praevalet
606 739 711 780 portis
728 739 842 771 mortis

350 787 446 820 Vitae
471 797 605 823 servans
632 788 763 821 lineam.

212 855 273 888 9a.
302 855 421 888 Sancte
445 857 590 898 praesul,
617 855 672 897 pie
696 858 802 896 pater,

300 903 394 937 Gelse
420 904 542 945 doctor,
568 913 644 938 care
669 903 780 945 frater,

299 953 363 985 Per
389 956 420 985 te
444 953 538 986 nobis
564 953 650 986 absit
674 955 745 985 ater

348 1000 499 1034 Infernus
525 1001 703 1034 horribilis.

917 214 977 248 (ib.
1006 215 1124 247 Pastor
1151 213 1280 254 duxque
1306 213 1354 245 sic
1378 213 1545 246 Minorum

1002 262 1113 304 Ducis,
1142 262 1249 303 pascis
1275 261 1472 294 ferculorum

1004 312 1104 344 Verbi
1130 312 1218 343 vitae
1243 311 1455 351 plurimorum

1051 361 1232 401 Adponens
1261 360 1476 394 dulcedinem.

917 428 976 463 7b.
1006 429 1109 462 Stella
1136 428 1223 460 clara
1249 429 1360 460 lucens
1384 428 1504 460 mundo

1004 477 1178 516 Christum,
1190 477 1546 519 lignu1nvitae,mund0

1001 525 1139 558 Pectore
1166 524 1232 558 fers
1260 535 1298 558 ac
1322 525 1474 566 iucundo,

1049 575 1074 608 Ο
1103 574 1216 606 doctor
1241 574 1421 616 seraphice.

911 642 971 677 8b.
998 643 1023 676 Ο
1050 651 1175 684 gemma
1200 642 1425 683 sacerdotalis,

997 691 1123 733 Dignus
1147 699 1287 731 sponsae
1311 691 1498 729 cardinalis,

998 741 1094 772 Vitae
1119 745 1193 780 post
1221 748 1350 771 cursum
1376 749 1396 772 a
1421 740 1516 771 malis

1047 788 1200 821 Sublatus
1227 788 1269 820 ad
1295 788 1443 828 gloriam.

910 856 969 891 9b.
997 857 1061 889 Per
1086 860 1119 889 te
1146 856 1399 889 conscendamus
1420 857 1536 898 caelos,

998 905 1186 938 Evadamus
1213 905 1281 937 orci
1308 905 1411 946 deloS,

1000 954 1132 987 Gloriae
1159 962 1309 986 canamus
1334 954 1435 986 melos

1051 1002 1406 1042 Incomprehensibilis.

279 1078 363 1105 Miss.
375 1086 429 1105 ms.
442 1078 674 1106 Franciscanum
685 1078 948 1106 Amstelodamens·
974 1080 1046 1106 anni
1059 1076 1140 1107 1531.
1171 1078 1242 1106 Cod.
1256 1079 1402 1105 Weerten.
1411 1079 1460 1106 Fa
1472 1077 1498 1105 7.
1512 1094 1518 1098 -

205 1115 221 1144 6
236 1117 264 1150 b,
289 1115 303 1144 1
326 1117 445 1153 duxque
467 1118 516 1145 sis.
540 1133 575 1136 —
597 1116 668 1145 Mel.
696 1117 884 1144 vermutlich:
906 1117 1142 1145 Sanchitatis
1162 1125 1260 1144 nova
1280 1118 1393 1152 signa.

611 1250 671 1282 156.
704 1249 747 1280 De
769 1250 879 1282 sancto
902 1250 1140 1283 Bonaventura.

214 1334 273 1366 la.
302 1329 468 1376 catervae,
497 1341 515 1365 0
542 1332 709 1374 altissime,

300 1380 395 1413 Dono
421 1384 487 1422 tuo,
512 1381 668 1422 piissime,

301 1430 385 1462 Voto
411 1438 489 1462 suae
516 1430 703 1462 carissimae

348 1478 451 1511 Divus
477 1478 718 1511 Bonaventura.

211 1548 231 1579 2
246 1555 272 1581 a.
301 1542 402 1579 Laete
428 1546 557 1578 iunctus
585 1545 720 1586 collegio

300 1594 420 1627 Tecum
445 1595 480 1627 in
506 1595 623 1628 throno
647 1595 736 1636 regio

356 1643 486 1676 Gaudet
509 1643 749 1676 Bonaventura.

213 1713 232 1745 3
242 1721 271 1746 a.
300 1709 357 1746 Ad
374 1715 594 1753 contemptum
608 1711 702 1744 huius
716 1712 844 1754 mundi;

298 1761 417 1804 Adam,
446 1761 585 1793 hominis
612 1760 758 1803 secundi,

299 1809 461 1850 Exemplo
487 1808 613 1842 fructus
638 1808 770 1842 fecundi

346 1858 447 1891 Rexit
471 1858 743 1892 Bonaventuram.

207 1929 267 1960 4a.
296 1924 404 1961 Uerus
429 1927 484 1960 hic
509 1927 671 1968 Israelita,

298 1976 371 2009 Nec
397 1976 510 2009 dolosa
536 1976 604 2009 eius
630 1976 699 2011 vita

346 2025 427 2058 Fuit
450 2025 712 2067 Bonaventurae,

209 2098 269 2128 5a.
299 2089 439 2134 Gregem
473 2096 574 2133 tuum,
609 2096 723 2135 pastor
749 2093 844 2128 bone,

297 2139 401 2184 Rege,
430 2151 501 2174 cum
527 2143 569 2175 sit
594 2143 627 2175 in
652 2151 766 2184 agone,

298 2187 349 2225 Et
373 2191 567 2232 participem
596 2200 734 2224 coronae

348 2240 460 2273 Sancti
485 2240 745 2282 Bonaventurae,

209 2311 272 2343 611.
299 2306 391 2343 Iuste
416 2312 512 2350 pater
538 2310 753 2351 omnipotens,

297 2355 384 2392 Uere
410 2357 498 2391 filius
524 2359 666 2399 sapiens,

299 2403 432 2440 Summa
459 2407 578 2440 caritas
604 2408 787 2449 procedens

343 2456 469 2489 Bonum
496 2456 754 2496 Bonaventurae,

916 1333 973 1365 lb.
1003 1330 1088 1378 Iesu,
1118 1336 1301 1366 sanctorum
1329 1337 1457 1367 tuorum

1004 1379 1100 1424 [Rex‚
1130 1390 1248 1414 corona
1275 1382 1523 1426 confessorum]

1002 1429 1129 1463 Natura
1155 1428 1283 1471 fulgens
1310 1441 1439 1464 suorum

1050 1479 1180 1512 Morum
1205 1479 1435 1512 Bonaventura

915 1547 976 1581 2b.
1003 1544 1135 1581 Iustitia
1161 1547 1381 1590 comprobata,

1005 1596 1131 1629 Pietate
1158 1596 1320 1633 roborata,

1053 1644 1155 1678 Duxit
1180 1645 1443 1678 Bonaventuram

916 1713 974 1747 3b.
1002 1709 1140 1747 Nomine
1165 1713 1373 1755 hereditavit,

1004 1762 1166 1795 Miserans
1191 1762 1460 1806 praedestinavit,

1003 1810 1173 1844 Benefecit
1198 1814 1229 1842 et
1256 1812 1378 1844 amavit

1051 1861 1141 1892 Aevo
1168 1859 1441 1896 Bonaventuram.

912 1928 973 1961 4b.
1002 1925 1095 1963 Sicut
1120 1930 1283 1960 testantur
1308 1938 1409 1970 opera

1002 1978 1052 2010 Ac
1077 1977 1192 2018 religio
1219 1986 1338 2018 aspera

1051 2026 1164 2067 Magni
1187 2025 1448 2060 Bonaventurae.

916 2094 974 2130 5b.
1004 2092 1163 2137 Gaudeat,
1190 2094 1253 2136 fac,
1279 2100 1316 2127 ut
1340 2096 1481 2128 laetetur

1005 2142 1096 2185 Orat,
1123 2144 1242 2186 pulsat,
1272 2147 1498 2187 conservetur3

1002 2191 1120 2237 Rogat,
1149 2202 1263 2226 errans
1289 2197 1474 2226 revertetur

1051 2244 1154 2276 Prece
1179 2242 1440 2277 Bonaventurae.

914 2311 974 2346 6b.
1002 2312 1071 2352 Quo
1100 2311 1221 2344 ditatus
1248 2310 1385 2344 mirifice

1002 2359 1199 2402 Seraphicus
1227 2360 1342 2392 deifice

1004 2408 1148 2449 Quiescit
1169 2409 1233 2441 iam
1260 2408 1397 2450 pacifice

1050 2458 1174 2491 Doctor
1199 2458 1439 2494 Bonaventura.
