1656 2690
698 114 866 148 -258
917 134 965 138 —

585 225 652 258 297.
685 226 726 256 De
749 225 860 256 saneto
882 223 1080 255 Sebastiano.

174 302 191 333 1
205 310 234 332 a.
262 300 379 340 Pange,
409 296 512 329 dulcis
538 295 689 334 Francia,
874 293 932 327 lb.
961 293 1110 326 Gaudeat
1134 294 1264 326 suessio

261 345 419 384 Martyris
446 344 622 383 praeconia
958 341 997 373 In
1023 341 1127 381 regaIi
1153 341 1276 381 gremio

308 390 626 433 Mediolanensium3
1007 387 1149 420 Tantum
1175 388 1330 420 claudens
1348 389 1501 429 pretium.

174 471 235 501 22..
265 468 363 501 Cuius
386 468 428 499 ad
455 467 674 507 praesentiam
872 464 933 498 2b.
960 465 1121 497 Sodomae
1146 465 1328 507 periculum

260 515 362 547 Exuit
388 514 553 546 miseriam
961 513 1115 546 Evadens
1138 514 1174 546 in
1198 513 1363 546 saeculum

311 562 414 596 Vallis
440 562 670 600 abundantiae,
1009 561 1088 594 Basi
1113 560 1196 594 fulta
1220 562 1356 603 gratiae.

173 642 235 674 32..
262 639 360 671 Miles
384 639 491 671 clarus
516 648 636 679 genere
873 638 934 673 3b.
961 639 1072 671 Verax
1095 639 1130 671 in
1154 639 1292 681 eloquio,

262 687 313 719 De
336 690 522 727 magnatum
547 687 660 730 latere,
961 687 1069 720 Iustus
1094 687 1129 719 in
1154 688 1286 730 iudicio,

308 735 424 768 Dulcis
450 744 542 768 amor
568 736 696 779 civium,
1010 736 1201 769 consolator
1223 737 1374 771 omnium.

175 815 237 846 4a.
266 813 484 846 Christianam
511 813 649 853 provide
874 813 936 847 4b.
965 814 1147 854 Martyrum
1173 816 1349 847 certamina

310 861 428 894 Fidem
455 862 563 894 celans
590 862 702 895 habitu
1009 861 1178 895 Roborans
1205 863 1337 895 consilio

263 909 330 942 Sub
357 919 516 951 pomposa
540 911 702 943 chlamide
961 910 1026 943 Tot
1050 919 1209 943 coronans
1234 911 1363 952 agmina

313 959 444 999 Pauper
468 962 538 991 erat
562 959 690 1000 spiritu.
1012 958 1085 991 Non
1111 958 1283 991 fraudatur
1308 959 1432 994 bravio.

174 1039 235 1071 53..
262 1037 410 1070 Probans
437 1036 518 1069 foris
876 1035 936 1070 5b.
963 1036 1080 1069 Fidem
1105 1044 1228 1075 serens.

265 1086 338 1118 Vim
364 1086 484 1118 amoris
964 1084 1064 1126 Signa
1088 1094 1214 1126 gerenS,

313 1135 378 1168 Ore
401 1134 465 1166 Dei
1010 1132 1097 1165 Hinc
1124 1141 1262 1174 errores,

313 1183 420 1216 Datur
446 1182 477 1214 ei
1009 1180 1096 1213 Hinc
1118 1181 1290 1220 languores

363 1231 469 1263 Dulce
493 1231 585 1271 pacis
611 1231 765 1264 osculum.
1058 1228 1175 1269 Fugat,
1189 1229 1319 1262 lucrans
1333 1231 1500 1269 populum.

178 1311 238 1342 6a.
266 1307 385 1341 Prodit
408 1308 514 1339 laetus
539 1310 574 1338 ut
599 1306 641 1338 ad
668 1307 779 1338 ludum
875 1305 934 1339 6b.
961 1306 1043 1338 Tela
1067 1306 1178 1338 volant
1201 1305 1330 1338 infinita

265 1356 356 1388 Dare
381 1355 455 1386 telis
483 1363 600 1394 corpus
623 1354 745 1386 nudum
963 1353 1028 1386 Sed
1056 1354 1204 1386 caelestis
1231 1363 1249 1386 a
1275 1354 1395 1394 sagitta

313 1403 412 1442 Regis
437 1403 527 1434 iussu
551 1402 694 1442 pessimi.
1009 1401 1111 1433 Fides
1134 1402 1246 1441 nequit
1272 1402 1400 1443 perimi.

179 1482 239 1514 72.
267 1480 314 1513 Ut
338 1478 495 1519 triumphi
523 1478 637 1519 duplet
661 1482 792 1520 sortem,
875 1478 934 1513 71).
960 1478 1053 1512 Unco
1079 1480 1226 1519 pendens
1250 1481 1285 1513 in
1312 1480 1423 1514 cloaca

264 1527 346 1559 Pilis
371 1526 477 1558 hirtus
504 1525 614 1559 differt
637 1530 785 1568 mortem,
964 1527 1086 1561 Scrobe
1112 1537 1240 1560 sursum
1265 1530 1304 1562 ab
1332 1538 1435 1570 opaca

314 1575 427 1607 Donec
453 1576 627 1616 resumptis
653 1575 777 1608 viribus
1010 1575 1132 1608 Fertur
1156 1577 1269 1610 herilis
1293 1577 1436 1623 victima,

318 1623 446 1656 Christo
471 1626 633 1656 mactatur
654 1622 804 1658 fustibus.
1012 1627 1079 1665 Quo
1107 1628 1222 1657 sancta
1245 1626 1341 1659 iussit
1362 1627 1479 1660 anima.

178 1703 238 1735 Sa.
266 1701 321 1734 Sic
346 1701 510 1734 accinctus
535 1701 568 1733 in
595 1710 697 1743 agone
876 1700 935 1735 Sb.
963 1702 1074 1735 Sancti
1101 1702 1193 1735 ducis
1217 1703 1415 1747 interventu,

265 1749 424 1782 militavit
449 1757 508 1791 spe
534 1758 683 1791 coronae,
964 1750 1061 1783 Cuius
1084 1751 1159 1783 risit
1183 1751 1217 1782 in
1243 1752 1396 1796 adventu,

264 1799 334 1831 Iam
360 1798 393 1829 in
418 1799 511 1839 pacis
537 1799 670 1839 regione
965 1799 1095 1831 Victrix
1119 1800 1210 1833 vivat
1236 1809 1308 1832 cum
1333 1800 1468 1834 obtentu

313 1847 498 1879 Discinctus
523 1850 600 1887 post
623 1847 757 1888 proelia.
1011 1848 1116 1888 Regni
1141 1847 1204 1880 Dei
1230 1848 1349 1890 Gallia,

602 1926 635 1959 9.
662 1925 734 1966 Iugi
760 1922 872 1957 fruens
897 1925 1010 1966 gloria.

245 2002 335 2030 Grati.
355 2011 410 2030 ms.
433 2001 618 2031 Censtatern.
639 2010 663 2029 s.
678 2001 852 2030 Sebastiani
871 2002 1018 2030 Parisien.
1039 2010 1118 2030 saec.
1133 2000 1179 2030 16.
1194 2003 1236 2030 in.
1271 2002 1342 2031 Cod.
1357 2004 1506 2034 Parisien.

166 2043 293 2073 (Arsen.)
312 2039 378 2070 204.
401 2041 436 2068 A.
463 2055 502 2060 -—·
519 2041 605 2069 Miss.
625 2041 773 2070 Remense
793 2041 863 2077 imp.
884 2042 1011 2069 Parisiis
1034 2039 1118 2069 1491.
1140 2042 1173 2069 Β.
1195 2056 1232 2059 -
1252 2042 1338 2070 Miss.
1359 2043 1508 2073 Remense

166 2082 237 2117 imp.
263 2079 390 2107 Parisiis
423 2078 506 2108 1513.
535 2080 567 2108 G.
666 2080 752 2108 Miss.
784 2079 932 2108 Remense
959 2081 1030 2117 imp.
1051 2081 1154 2108 Remis
1178 2077 1260 2108 1553.
1282 2082 1320 2109 D.
1352 2096 1391 2100 —
1421 2083 1508 2111 Miss.

167 2118 340 2147 Parisienre
368 2119 438 2154 imp.
458 2119 587 2146 Parisiis
610 2116 694 2147 1585.
717 2119 754 2148 E.
781 2134 820 2138 —-
850 2119 935 2147 MiSS.
956 2119 1152 2147 Xantonense
1180 2120 1251 2155 imp.
1272 2120 1401 2149 Parisiis
1421 2120 1507 2150 1481.

165 2158 200 2186 F.
220 2171 259 2176 -—
277 2154 330 2190 11),
353 2153 368 2184 1
392 2158 422 2184 et
440 2156 562 2185 Suessio
583 2157 642 2185 Bc.
662 2172 702 2176 —
720 2155 774 2187 23.
794 2155 814 2184 2
832 2157 940 2186 Exivit
957 2158 1019 2186 EF.
1040 2173 1080 2178 —
1099 2156 1153 2190 321.
1175 2155 1194 2186 2
1215 2161 1369 2186 manatum
1391 2161 1455 2188 ΑΕ.
1469 2176 1509 2180 -

166 2195 220 2230 4a,
241 2193 259 2223 3
285 2195 347 2222 Sub
376 2194 496 2230 elopula
517 2195 556 2229 Ἐς
584 2195 646 2223 Sub
673 2196 779 2231 clypea
798 2204 944 2232 pomposa
963 2197 1004 2232 A3
1035 2195 1097 2224 Sub
1119 2197 1223 2233 clypeo
1245 2205 1388 2233 pomposo
1410 2199 1447 2227 E.
1470 2219 1488 2222 -

168 2234 220 2268 5b,
243 2232 259 2261 1
287 2233 385 2260 ferens
407 2232 465 2260 BC.
496 2247 534 2253 —
564 2232 617 2269 5b‚
639 2231 656 2260 5
681 2234 803 2270 Fugans
823 2235 882 2263 BC.
913 2250 952 2254 —
982 2235 1040 2263 Str.
1062 2234 1105 2262 6a
1134 2244 1163 2262 u.
1192 2234 1221 2261 ff.
1242 2234 1343 2263 fehlen
1362 2236 1403 2272 F;
1434 2241 1509 2267 statt

167 2274 275 2302 dessen
294 2270 412 2299 werden
432 2271 500 2299 dort
519 2271 567 2299 die
587 2271 736 2306 Strophen
758 2271 819 2300 142
833 2289 871 2293 —
885 2271 946 2301 16b
965 2273 1059 2306 (incl.)
1077 2273 1139 2300 und
1162 2273 1220 2300 Str.
1243 2271 1305 2300 19a
1326 2289 1364 2293 —
1385 2275 1510 2306 Schluss

169 2313 221 2340 der
245 2309 508 2346 vorhergehenden
534 2309 670 2346 Sequenz
698 2310 876 2348 angehfingt.
906 2326 945 2331 —
975 2311 1027 2346 7a,
1049 2309 1067 2337 2
1091 2311 1187 2338 Pellis
1213 2311 1310 2339 virtus
1338 2313 1400 2348 ᾹΕς
1431 2317 1509 2345 Pilis

168 2352 270 2380 hircus
289 2349 379 2378 BCD.
406 2363 443 2367 -—
465 2347 521 2382 7b‚
542 2346 560 2375 2
580 2349 724 2384 adoptata
741 2349 807 2377 ΑΕ.
830 2364 871 2368 —-
898 2348 950 2383 71),
970 2349 991 2377 4
1009 2349 1093 2376 misit
1112 2349 1174 2383 BD,
1195 2349 1275 2377 vivit
1297 2350 1327 2378 C.
1349 2367 1389 2373 κ
1408 2353 1464 2389 Sa,
1486 2355 1507 2385 4

168 2391 336 2419 Disfinctus
364 2386 478 2415 ABOE.
509 2401 548 2405 ——-
578 2385 631 2423 8b,
655 2385 670 2413 1
692 2386 787 2415 dulcis
808 2388 871 2415 ΑΕ.
903 2402 939 2407 —-
970 2388 1033 2415 Das
1054 2386 1182 2415 Schema
1201 2388 1243 2415 ist
1262 2389 1385 2420 fihnlieh
1403 2396 1506 2430 jenem

169 2430 221 2458 der
243 2425 537 2463 Barbara-sequen:
557 2424 708 2454 Psallat
727 2434 804 2453 oum
826 2426 989 2454 laetitia.
