1656 2690
708 125 948 159 -44-

179 225 238 258 63.
267 224 349 256 Fide
374 222 539 258 armifera.
874 222 933 256 612.
961 222 1030 262 Quo
1055 222 1195 260 vincant,
1224 219 1315 253 curia

265 271 352 304 mala
376 269 544 310 anguifera
960 273 992 302 et
1016 270 1050 302 iu
1074 269 1240 310 stelligera

578 338 609 370 7.
636 336 722 370 Diva
746 347 806 379 per
832 339 941 370 saecla

635 386 797 418 laetentur
824 394 954 422 corone..

245 454 334 489 Trop.
352 460 405 479 ms.
422 452 631 480 wintoniense
651 460 728 479 saec.
750 449 825 480 101'11.
862 452 932 480 Cod.
948 451 1093 480 Oxonien.
1113 452 1199 479 Bodl.
1214 449 1280 479 775.
1296 451 1331 478 A.
1353 466 1390 470 —
1411 451 1501 485 Trop.

169 500 222 519 ms.
243 491 455 519 Wintoniense
475 498 552 519 saec.
570 489 614 518 11.
647 489 716 518 Cod.
739 490 866 526 Collegii
891 490 1030 527 Corporis
1052 490 1164 518 Christi
1185 491 1413 526 Gan‘tahrigens.
1433 486 1500 516 473.

169 531 201 559 B.
223 545 261 549 —
281 529 417 558 Titulus:
438 530 636 558 Ploratum.
658 544 697 548 —
720 527 745 563 1,
766 527 784 558 3
804 531 984 565 prorumpet.
1006 543 1044 547 —

670 631 718 662 42.
748 631 806 663 Die
827 630 998 664 Dominica.

180 705 239 736 la.
268 703 425 746 Oonsona,
454 706 594 746 caterva,
873 703 931 738 lb.
957 702 1102 735 Medulis
1129 702 1277 735 dulcibus

265 751 442 791 plaudente
467 751 552 784 sacri
959 754 1074 792 arguta
1099 751 1188 784 vocis

266 802 439 832 concentus
466 808 628 839 camoena,
960 808 1081 840 organa
1108 799 1288 841 declarans,

179 880 237 911 2a.
268 877 524 918 Praepollentem
550 885 658 918 regem
873 876 935 910 2b.
962 875 1156 916 Hymnifera
1181 885 1260 909 voce

266 926 301 957 in
328 925 416 957 clara
959 925 1125 964 inquiens:

264 973 362 1005 laude
387 973 541 1014 salmam,
960 971 1066 1011 Salve,
1093 972 1245 1004 maiestas

179 1052 237 1084 3a.
264 1050 414 1090 Excelsa,
441 1058 523 1090 quae
548 1054 657 1082 creata
873 1049 933 1084 3b.
961 1049 1095 1081 Maneat
1119 1048 1293 1081 benedicta

264 1098 371 1130 omnia
395 1106 454 1137 per
481 1098 605 1130 diutina
960 1106 999 1129 ac
1023 1105 1151 1138 semper
1176 1097 1348 1130 ineffabilis

266 1147 351 1187 regis
376 1146 495 1179 saecla.
961 1146 1064 1177 virtus
1089 1149 1156 1178 tna.

179 1225 238 1257 4a.
265 1222 310 1255 Et
333 1222 451 1254 leniter
475 1222 620 1256 lambens
873 1223 933 1257 4b.
960 1222 1182 1255 Lacrimarum
1206 1222 1287 1256 fusis

265 1269 342 1303 fidei
368 1270 505 1311 vestigia
960 1271 1112 1310 piscibus
1139 1270 1311 1303 clementia

266 1321 395 1351 sacrata
962 1327 1070 1361 exora,

646 1398 677 1431 5.
705 1395 772 1435 Quo
797 1395 932 1429 crimina

705 1444 872 1484 abstergat

705 1492 843 1525 clemens
868 1495 931 1525 tua.

247 1568 300 1596 Tra
308 1578 335 1605 p.
359 1577 412 1596 ms.
426 1569 637 1597 Wintoniense
657 1577 734 1596 saec.
756 1567 832 1598 1⁰,11.
869 1569 940 1597 Cod.
956 1568 1102 1596 Oxonien.
1117 1568 1202 1596 Bodl.
1217 1566 1282 1597 775.
1296 1568 1332 1595 A.
1353 1584 1390 1588 —
1411 1568 1500 1605 Trop.

170 1615 224 1634 ms.
249 1607 458 1635 *Wintoniense
485 1615 561 1636 saec.
589 1606 634 1635 11.
683 1607 754 1635 eod.
783 1607 908 1644 Collegii
937 1607 1022 1643 Corp.
1045 1607 1156 1635 Christi
1178 1607 1404 1643 Cantabrigens.
1434 1605 1501 1635 473.

170 1646 203 1674 B.
225 1660 262 1664 —
282 1645 362 1674 Titel
382 1646 434 1674 der
455 1647 603 1683 Sequenz:
627 1648 799 1675 Tractus.

670 1739 721 1771 43.
752 1740 807 1772 Dic
827 1738 998 1772 Dominica.

181 1862 240 1893 2a.
268 1859 345 1892 Dies
374 1861 544 1900 dominica,
742 1814 774 1846 1·
801 1812 827 1846 O
853 1813 938 1894 21211115.
964 1860 1094 1893 Cunctis
1119 1860 1313 1893 christicolis

268 1908 439 1949 praeclara
962 1911 1075 1950 optata

268 1960 364 1998 atque
386 1957 569 1997 perspicua,
961 1955 1149 1998 praeferens
1175 1957 1260 1989 otia!

182 2036 243 2068 3a.
270 2034 445 2068 Chromata
470 2036 586 2067 cuncta
874 2034 933 2068 3b.
959 2033 1049 2067 Idem
1078 2042 1203 2074 quoque
1227 2034 1334 2076 prima

269 2091 330 2124 per
354 2084 388 2114 te
413 2082 602 2115 relabuntur
962 2090 1100 2122 namque
1126 2084 1159 2113 et
1180 2086 1296 2116 oct-ava

269 2130 332 2163 rite
357 2133 602 2170 connumerata3
961 2133 1093 2162 manent
1117 2131 1332 2171 reciprocata.

179 2209 241 2242 42.
267 2207 317 2240 Tu
341 2208 428 2240 inter
454 2210 569 2240 cuneta
873 2207 933 2243 4b.
959 2206 1110 2241 Numinis
1137 2208 1226 2241 clara

270 2257 418 2289 revoluta
964 2255 1182 2297 distinctaque

270 2304 395 2337 dierum
419 2307 567 2345 tempora
961 2306 1074 2336 tenens
1099 2305 1291 2346 primordia.

182 2386 242 2418 5a.
268 2383 389 2416 Rerum
416 2386 542 2416 creator
566 2383 600 2415 in
625 2386 659 2415 te
877 2382 938 2416 5b.
963 2381 1061 2415 Cuius
1086 2382 1128 2416 ad
1153 2387 1267 2416 nutum
1294 2388 1422 2418 constat

273 2429 383 2477 „Lux“
412 2432 518 2472 inquit
547 2429 658 2475 „fiat“,
962 2431 1110 2471 protinus
1136 2440 1221 2467 orsa.
