1656 2690
707 117 970 153 -224—

182 217 243 249 2a.
270 216 334 248 Hic
358 226 378 248 a
404 214 533 248 Christo
558 214 789 254 praedilectus,

268 265 300 295 A
325 264 452 295 teloneo
478 264 610 294 vocatus

318 311 459 352 Surgens
485 309 611 350 sprevit
635 310 754 351 omnia,

876 215 937 247 2b.
963 215 1002 247 In
1029 215 1209 254 apostolum
1236 216 1422 254 assumptus

963 262 1024 294 Dei
1050 261 1142 294 fonte
1166 265 1217 294 est
1242 264 1374 302 potatus

1013 311 1140 343 Hausta
1165 310 1338 350 sapientia.

180 390 242 423 3a.
269 388 407 428 Sumpta
431 386 524 419 verbi
548 389 712 429 potestate
877 387 936 422 3b.
959 387 1004 419 Et
1029 386 1176 419 fraterna
1199 396 1259 427 pro
1281 386 1388 418 salute

266 436 340 468 Iesu
367 435 488 469 Christi
512 435 619 476 longe,
645 435 713 466 late
962 434 1027 467 Dei
1051 438 1156 467 motus
1181 445 1201 467 a
1225 435 1347 466 virtute

316 483 479 516 Diffundit
502 483 711 523 praeconium
1012 483 1135 515 Scribit
1159 483 1371 523 evangelium.

177 564 238 594 4a.
267 561 475 602 Aethiopiam
500 560 665 601 ingressus
875 559 935 592 4b.
961 560 1111 593 Tandem
1138 569 1235 592 cursu
1257 564 1476 593 consummato

269 609 360 642 Duos
386 618 496 650 magos
523 612 573 640 est
597 609 771 650 adgressus
961 607 1008 641 Et
1033 617 1136 649 agone
1160 609 1223 640 iam
1252 611 1387 648 peracto

318 658 468 691 Colentes
495 657 708 698 daemonium,
1010 657 1158 690 Transiit
1181 657 1224 689 ad
1248 656 1433 691 Dominum.

962 733 1026 766 Sed
1041 737 1245 774 praesentem
1254 734 1344 766 iuvet
1354 734 1498 769 chorum.

963 782 1010 815 Ut
1033 782 1067 814 in
1093 791 1191 823 regno
1217 783 1383 816 beatorum

962 830 1083 870 Regem
1109 831 1224 862 videns
1250 834 1316 862 tam
1345 831 1499 863 decorum

1011 878 1146 920 Semper
1170 879 1218 910 sic
1242 879 1409 920 glorietur.

180 736 243 767 5a.
271 736 370 767 Plura
395 737 529 776 possent
553 735 691 775 reperiri
875 733 934 767 5b.

269 784 356 816 Mira
380 783 468 816 facta
493 783 598 815 sancti
623 783 695 825 viri,

267 832 388 872 Quibus
414 831 500 863 clare
522 831 772 872 demonstratur,

316 880 417 919 Quam
443 879 550 911 clarus
575 879 743 912 habeatur.

180 958 242 990 Ga.
271 957 295 990 O
322 956 499 1000 Matthaee,
528 956 617 988 clara
641 965 776 998 gemma,
874 956 933 990 6b.
960 955 1007 988 Ut
1029 955 1064 987 in
1091 956 1231 997 Christo,
1259 965 1337 989 vera
1361 956 1442 999 vite,

270 1005 380 1037 Motus
407 1005 514 1036 carnis
538 1006 670 1036 nostrae
697 1005 791 1036 <loma
963 1003 1117 1037 Radicati
1144 1013 1242 1036 verae
1267 1005 1359 1037 vitae

318 1053 453 1085 Precum
480 1051 637 1091 efficacia,
1014 1050 1186 1094 Capiamus
1211 1053 1367 1093 praemia.

248 1129 333 1156 Miss.
353 1127 597 1156 Praedicatomm
617 1129 688 1164 imp.
709 1128 844 1155 Venetiis
867 1125 950 1155 1523.
973 1143 1011 1147 —
1031 1126 1086 1162 5b,
1107 1126 1126 1155 2
1145 1137 1278 1164 regnum.

535 1251 603 1282 258.
633 1250 667 1282 In
688 1250 911 1282 [transtatione
932 1258 957 1281 s.
977 1250 1140 1282 Matthaei.

602 1323 634 1356 1.
661 1322 866 1355 Gaudeamus

663 1371 820 1412 singulari
845 1371 1027 1415 concordia,

177 1450 240 1482 2a.
270 1449 359 1488 Quae
385 1447 482 1480 corda
507 1450 620 1479 nostra
872 1447 932 1481 ab.
960 1447 1031 1487 Qua
1056 1448 1261 1480 celebrentur

265 1497 380 1537 iungat
403 1494 532 1527 firmata
555 1495 589 1527 in
961 1496 1086 1539 devote,
1112 1496 1290 1538 Matthaee,

266 1545 388 1578 Christi
413 1544 527 1585 gratia,
959 1540 1069 1589 [haec]
1096 1545 1275 1578 sollemnia.

177 1614 238 1647 3a.
264 1611 469 1653 Aethiopalis
871 1611 928 1644 3b.
956 1611 1164 1644 Brictonibus
1189 1615 1227 1644 ut

267 1669 367 1692 zonae
392 1659 549 1699 splendor
573 1658 674 1698 fuisti,
957 1660 1007 1691 sol
1030 1660 1151 1692 mundo
1179 1661 1335 1694 claruisti.

175 1729 238 1760 43.
264 1727 389 1760 Lucani
417 1726 596 1767 depositum
870 1727 931 1760 4b.
959 1727 1106 1760 Tandem
1130 1728 1361 1770 Salernigenae

265 1776 444 1816 pretiosum
469 1775 531 1807 hoc
555 1774 747 1815 habuerunt,
957 1778 1048 1808 tanto
1070 1779 1204 1816 pastore
1229 1778 1425 1819 claruerunt,

174 1844 235 1876 5a.
265 1843 333 1877 Ubi
356 1851 443 1875 nunc
468 1842 620 1883 suffragia
871 1843 931 1877 51).
958 1844 1105 1884 Quotque
1129 1844 1293 1877 mirabilia

262 1892 364 1924 multa
391 1891 510 1924 dantur
959 1901 1088 1933 semper
1111 1891 1195 1925 fiunt

260 1941 331 1980 ipso
357 1942 556 1980 protegente.
959 1940 1089 1973 Christo
1114 1942 1297 1974 adnuente!

174 2009 236 2040 6a.
261 2007 342 2040 Eius
367 2010 589 2039 monstrantur
872 2008 932 2041 6b.
961 2006 1129 2054 Cum[que]
1157 2013 1321 2053 petuntur,

263 2056 370 2088 nautis
395 2055 547 2096 prodigia
962 2057 1080 2090 dantur
1106 2059 1229 2091 auxilia

261 2104 360 2136 maris
385 2102 546 2146 fluctibus,
957 2106 1079 2138 nostris
1106 2107 1241 2140 civibus.

176 2173 236 2205 7a.
265 2171 399 2203 Cuidam
425 2171 554 2203 vetulae
579 2171 731 2203 Lucanae
872 2172 930 2207 7b.
959 2172 1068 2213 Spinis
1095 2177 1274 2206 contectam
1301 2178 1334 2206 et
1358 2175 1469 2208 herbis

264 2222 361 2260 paret
383 2219 418 2251 in
444 2219 564 2250 somnis
589 2219 734 2261 hortans,
958 2222 1144 2262 monachus,
1171 2222 1239 2254 eius
1265 2225 1370 2265 natuS,

263 2270 301 2299 ut
324 2267 453 2308 glebam
479 2267 528 2298 sui
554 2267 700 2308 corporis
956 2269 1100 2309 inquirat
1124 2270 1192 2302 dati
1217 2272 1370 2305 muneris.

172 2338 233 2370 8a.
259 2336 403 2368 Vacuum
429 2334 519 2374 plebi
870 2336 928 2369 8b.
954 2335 1083 2367 Furtim
1108 2337 1294 2370 subtractae

258 2393 327 2425 vas,
344 2384 451 2416 vinum
468 2383 592 2415 donans
606 2382 800 2424 convivanti,

260 2432 406 2474 corporis
432 2431 586 2475 inventio,

957 2385 1114 2423 pecuniae
1140 2387 1321 2427 peregrinis
1349 2387 1384 2420 fit

955 2433 1039 2464 mira
1065 2434 1238 2467 restitutio.
