1656 2690
686 125 949 162 —261—

560 217 631 251 300.
662 219 707 251 De
727 227 768 252 ss.
789 220 914 252 Simone
935 220 969 252 et
987 220 1075 252 Iuda.

153 279 216 313 la.
241 278 341 324 Ecce,
369 280 439 312 dies
464 282 669 321 praeoptata,
858 282 918 315 ib.
943 282 1013 315 Nos
1038 283 1123 314 hanc
1150 281 1235 315 diem
1258 288 1451 313 veneremur

241 327 322 361 Dies
345 326 436 369 felix,
467 329 537 361 dies
564 333 667 373 grata,
945 330 990 362 Et
1014 333 1211 372 pugnantem
1236 329 1435 363 admiremur

291 376 373 409 'Dies
399 377 499 418 digna
524 378 663 417 gaudiis„
996 378 1161 413 Christum
1184 379 1220 410 in
1244 377 1414 418 apostolis.

155 446 218 478 2a.
248 443 358 476 Simon
386 448 419 477 et
442 445 542 478 Iudas
568 445 685 488 incliti,
859 446 918 481 2b.
946 446 971 479 O
998 455 1128 487 germen
1159 454 1236 478 vere
1260 445 1380 486 nobile,

244 492 375 525 Mariae
400 493 566 534 Cleophae
590 494 672 536 nati,
945 494 1126 535 Propinqui
1150 494 1237 535 regis
1263 494 1386 534 gloriae

293 540 508 574 Extolluntur
533 542 651 585 hodie3
994 543 1041 575 Et
1065 546 1199 583 nepotes
1224 542 1361 575 Mariae.

162 610 221 643 3a.
248 609 295 642 Hi
322 609 401 642 celsi
425 609 489 642 Dei
515 609 641 651 famuli,
861 610 920 645 3b.
947 610 1056 643 Iesum
1083 609 1245 642 Christum
1272 609 1465 642 annuntiant

248 657 349 699 Digni
374 657 497 691 Christi
522 658 662 698 apostoli
946 657 1101 699 Duosque
1126 667 1236 699 magos
1262 661 1428 699 superant,

294 706 432 739 iverunt
455 706 490 739 in
514 707 696 749 Persidem,
997 705 1171 747 Arphaxat
1196 709 1229 738 et
1254 705 1417 740 Cosroem.

159 774 223 806 4a.
250 773 367 814 Sicque
392 782 470 814 rege
494 774 660 813 baptizato
860 773 921 806 4b.
948 772 1128 806 Ecclesiam
1156 773 1222 805 iam
1247 774 1401 806 ordinant

250 821 441 862 Populoque
466 821 641 854 emundato
949 820 995 854 Et
1020 822 1222 862 provinciam
1248 821 1382 855 visitant

298 871 328 902 A
355 868 448 902 falsis
474 870 657 902 simulacris
998 870 1150 910 Purgatis
1175 869 1336 902 idolatris.

162 941 222 971 5a.
250 937 400 970 Tandem
426 938 511 979 magi
536 946 684 982 nequam,
711 936 791 978 ficti,
862 937 921 971 5b.
951 937 1013 976 Qui
1038 936 1182 980 nefandi,
1210 939 1333 978 turpes,
1360 937 1419 972 rei,

250 986 303 1018 Ab
331 986 487 1026 apostolis
515 986 646 1026 devicti,
949 985 1019 1018 Hos
1047 986 1187 1018 cultores
1213 985 1283 1020 veri
1309 985 1370 1018 Dei

301 1035 474 1068 Concitant
498 1034 680 1076 pontifices,
1000 1035 1166 1068 Coronant
1189 1034 1223 1066 in
1248 1036 1420 1075 martyres

162 1103 223 1137 Ga.
253 1101 464 1141 Quaesumus,
492 1101 574 1134 caeli
598 1110 763 1144 proceres,
864 1101 925 1134 6b.
954 1101 1016 1140 Qui
1041 1103 1090 1134 tot
1113 1101 1208 1134 malis
1233 1102 1355 1134 irretiti

250 1150 382 1190 Olympi
408 1149 495 1182 cives
520 1149 658 1187 nobiles,
952 1149 1026 1182 Non
1052 1150 1195 1183 valemus
1221 1150 1270 1182 sic
1291 1150 1399 1191 reniti,

300 1199 453 1232 Servulos
478 1198 642 1243 respicite,
999 1198 1156 1231 Precibus
1182 1199 1372 1232 succurrite.

162 1268 222 1302 7a.
249 1267 325 1299 Iesu
349 1266 416 1308 pie,
442 1266 519 1299 Iesu
547 1266 640 1309 bone,
864 1267 882 1299 7
891 1265 923 1299 b.
950 1265 1061 1299 Mores
1087 1269 1215 1299 nostros
1241 1267 1289 1299 sic
1315 1275 1480 1310 compone,

251 1315 373 1348 Nostro
399 1314 493 1348 nobis
517 1316 551 1348 in
577 1324 680 1357 agone
951 1314 998 1347 Ut
1022 1317 1200 1357 perpetuae
1227 1324 1366 1348 coronae

298 1363 437 1404 Largire
462 1363 644 1405 victoriam,
1000 1364 1188 1396 Mereamur
1213 1363 1361 1404 gloriam.

228 1420 313 1449 Miss.
335 1420 580 1449 Praedicator-um
594 1422 665 1458 imp.
679 1422 815 1449 Venetiis
834 1417 917 1449 1523.
939 1434 978 1439 —-
999 1419 1057 1448 Str.
1074 1418 1116 1448 la
1129 1430 1157 1448 u.
1175 1417 1216 1448 lb
1230 1420 1425 1457 Entlehnung
1440 1429 1493 1450 aus

152 1460 249 1488 Adam
270 1467 330 1488 von
350 1459 394 1490 St.
415 1459 535 1488 Viktor.
558 1475 594 1479 —-
616 1457 671 1494 3b,
692 1458 711 1489 3
732 1460 866 1489 Caroem.

629 1554 693 1587 301.
727 1555 772 1586 De
793 1555 903 1586 sancto
925 1554 1014 1594 Syro.

545 1616 575 1650 1.
603 1615 691 1650 Odas
716 1626 840 1650 summo
866 1617 955 1658 patri

602 1674 680 1698 voce
704 1665 909 1699 modulemur
933 1665 1086 1706 supplici.

159 1727 219 1758 2a.
246 1724 327 1756 Eius
352 1723 423 1755 uni·
863 1723 924 1757 2b.
952 1722 1090 1764 Spiritui

249 1773 358 1814 genito
385 1772 622 1805 conclamemus
951 1775 1064 1805 sancto
1089 1771 1154 1804 rite
1180 1774 1346 1804 cantemus

247 1821 360 1864 iubilo,
949 1830 1080 1862 organo.

162 1882 223 1916 3a.
253 1880 367 1913 Contio
393 1888 479 1913 nunc
503 1881 618 1912 nostra
863 1879 922 1915 3b.
950 1879 1098 1922 Pangite,
1126 1876 1215 1923 (vos)
1243 1880 1423 1922 praesuleS,

247 1938 382 1963 canoras
949 1928 1079 1971 iugiter,

248 1979 304 2011 det
328 1977 474 2020 praesuli
949 1979 1101 2011 resonate

246 2027 468 2069 symphonias,
948 2035 1044 2069 nunc,
1070 2028 1231 2068 pastores,

245 2086 290 2119 Et
315 2086 443 2120 devotis
946 2084 993 2118 Et
1017 2093 1128 2118 omnes
1153 2085 1188 2118 in

247 2139 361 2169 cantor
386 2136 501 2176 aperte
526 2131 588 2167 sibi
947 2133 1024 2174 Syri
1049 2133 1134 2167 festo
1158 2133 1293 2175 spiritus

244 2184 396 2218 melodiis
947 2183 1167 2217 iucundentur

242 2233 400 2268 modulet.
946 2232 1097 2272 maxime,

156 2295 219 2328 4a.
245 2291 428 2326 Defunctos
455 2292 511 2333 qui
535 2290 627 2325 dedit
859 2290 921 2325 4b.
949 2290 1046 2326 Clare
1070 2291 1234 2325 intuentes

245 2342 379 2374 sanitati
404 2341 575 2383 pristinae.
949 2340 1066 2373 discite
1090 2340 1294 2375 miraculum.

243 2399 448 2433 Adulescens
475 2409 588 2434 verum
947 2398 1071 2433 Verum
1094 2399 1202 2432 Deum
1229 2407 1300 2432 esse

242 2447 418 2481 Dominum
441 2448 616 2491 glorificat,
950 2448 1123 2490 credimuS,
1152 2457 1248 2490 quem
1274 2448 1446 2490 praedicat

247 2500 379 2539 ereptus
407 2498 599 2531 daemonum
621 2497 787 2532 custodia:
947 2497 1004 2530 hic
1030 2497 1180 2531 caelestis
1207 2496 1347 2530 famulus
1375 2496 1495 2531 curiae.
