1656 2690
720 133 983 170 -2'74—

198 235 257 268 3a.
285 233 408 266 Harum
434 234 484 264 est
505 231 575 265 dux
601 232 733 274 opt-ima,

331 281 457 322 Sponsa
481 280 663 321 salvatoris,

286 330 407 363 Ursula
433 328 623 370 clarissima,

329 377 454 418 Regina
479 376 616 410 decoris,

195 457 255 488 4a.
285 454 404 487 Ursula
427 453 630 486 sanctissima

332 502 480 543 V1rgines
506 502 665 543 hortatur,

282 551 328 584 Ut
350 552 415 584 fide
442 549 625 583 firmissima

330 599 442 632 Poena
466 600 699 631 contemnatur.

193 678 253 709 5a.
281 675 405 708 Harum
429 685 490 716 pez·
513 674 667 716 suffragia

329 724 458 758 Christo
483 724 694 764 consolemur,

282 772 328 806 Ut
354 773 514 805 calcantes
540 771 620 804 vitia

330 820 462 853 Virtute
488 820 628 853 ditemur

889 231 948 265 3b.
976 231 1110 265 Gemma
1134 230 1400 271 splendidissima

1024 281 1160 314 Senatus
1185 279 1328 318 honoris,

976 329 1077 362 Stella
1100 327 1301 361 lucidissima

1022 377 1134 410 Divini
1159 375 1355 416 splendoris.

886 453 946 486 4b.
973 453 1086 495 Regna
1112 452 1299 485 beatissima

1022 502 1175 535 Gaudens
1200 501 1431 541 praestolatur,

973 549 1082 582 Morte
1106 548 1295 581 felicissima

1023 597 1103 630 Cum
1129 597 1179 628 his
1204 597 1398 630 trucidatur.

886 673 948 707 5b.
973 672 1021 706 Et
1043 676 1179 706 aeterna
1202 673 1323 714 gaudia

1022 722 1167 754 Tandem
1193 721 1439 762 praestolemur,

974 771 1013 803 In
1039 770 1171 802 caelesti
1195 770 1300 810 gloria

1022 815 1104 852 Cum
1129 818 1210 858 ipsis
1234 817 1402 850 laetemur.

262 895 351 924 Grad.
372 905 425 923 ms.
447 895 477 923 S.
497 895 631 931 Agnetis.
651 895 764 922 Bonon.
788 902 864 922 saec.
889 892 933 922 14.
956 894 996 920 in.
1026 893 1096 922 Cod.
1116 894 1193 921 Mus.
1214 892 1328 921 Bonon.
1353 890 1397 920 12.
1419 893 1453 919 A.
1474 908 1513 912 —-

183 933 272 963 Grad.
303 943 356 962 ma.
384 935 615 962 Dominicanum
638 942 716 961 saec.
744 931 788 960 15.
837 932 907 960 Cod.
934 932 1079 960 Mutinen.
1106 932 1151 959 X]
1178 931 1209 958 H
1235 929 1263 960 3.
1291 932 1325 959 B.
1351 946 1391 950 —
1419 928 1471 966 3b,
1494 929 1512 958 2

183 974 304 1000 cenatus
326 972 360 1000 A.
383 987 420 991 —
440 970 493 1005 4b,
516 969 530 999 1
551 971 669 1008 Regina
687 972 723 999 A.

634 1064 695 1095 319.
725 1063 770 1094 De
789 1064 899 1095 sancto
919 1062 1055 1095 Verano.

192 1137 251 1170 1a.
279 1135 404 1177 Gaude,
430 1135 562 1178 praesul
587 1138 639 1167 ter
663 1135 767 1175 beate,

276 1184 308 1216 A
334 1185 500 1226 primaeva
526 1185 577 1224 qui
605 1186 712 1216 aetate

327 1232 429 1265 Totus
454 1232 524 1264 Deo
553 1231 681 1264 deditus

191 1311 251 1343 2a.
280 1308 404 1353 Gaude,
433 1318 489 1341 ver
515 1309 645 1349 plenum
672 1308 799 1349 decore,

279 1357 365 1390 M⁵r0
390 1357 541 1389 redolens
567 1357 676 1399 odore,

329 1403 520 1438 Germinans
545 1408 582 1436 ut
605 1405 720 1446 lilium,

192 1483 252 1515 3a.
281 1481 405 1523 Gaude,
432 1480 509 1513 fidei
534 1481 668 1520 zelator,

282 1529 436 1562 Veritatis
462 1531 670 1569 propagator,

326 1576 513 1610 Sanctitatis
539 1577 660 1620 regula,

189 1657 211 1688 4
222 1665 249 1687 a.
279 1653 402 1694 Gaude,
414 1654 468 1695 qui
478 1654 609 1686 vincens
619 1662 678 1694 per
687 1661 813 1685 crucem

279 1702 475 1744 Fugansque
501 1702 674 1735 draconem
690 1705 813 1733 trucem

326 1751 484 1792 Populum
510 1749 678 1793 laetificas,

188 1833 249 1863 5a.
279 1827 404 1870 Grande,
430 1828 588 1869 pastorali
614 1836 690 1859 eura

277 1878 450 1910 Praestans
477 1880 509 1907 et
533 1876 585 1908 via
610 1884 725 1908 secura

323 1925 455 1958 Plebem
483 1924 602 1957 ducens
629 1924 784 1956 creditam

188 2005 248 2036 6a.
277 2002 401 2043 Gaude,
428 2001 483 2043 qui
507 2001 604 2034 beata
629 2004 718 2033 sorte

277 2051 381 2084 Vitam
408 2050 552 2091 pretiosa
576 2052 680 2082 morte

325 2098 457 2133 Claudis
484 2107 552 2130 cum
579 2097 732 2138 victoria3

190 2178 251 2209 7a.
279 2174 403 2217 Gaude,
432 2176 486 2216 qui
510 2175 575 2207 iam
602 2177 771 2207 coronatus

275 2224 313 2256 In
340 2224 437 2257 caelis
462 2224 517 2255 hic
541 2227 692 2264 operatus

321 2272 443 2305 Tamen
469 2280 503 2303 es
525 2271 697 2313 magnalia,

187 2351 206 2384 8
222 2360 250 2383 a.
280 2350 376 2382 Pater
400 2348 541 2390 flagrans
568 2349 713 2388 caritate,

276 2398 429 2431 Sublimis
455 2397 647 2437 humilitate,

323 2447 484 2481 Virtutum
511 2446 699 2486 sacrarium,

885 1134 943 1167 lb.
971 1133 1119 1167 Candida
1144 1133 1331 1174 virginitate

970 1182 1157 1223 Insignique
1179 1182 1303 1222 pietate

1018 1231 1065 1263 Es
1091 1233 1223 1262 ornatus
1250 1230 1396 1263 caelitus.

884 1307 943 1342 ab.
970 1306 1108 1340 Florens
1133 1306 1225 1347 quasi
1249 1315 1389 1339 vernans
1414 1314 1489 1338 rosa

972 1355 1128 1396 Violaque
1153 1363 1310 1396 generosa

1017 1403 1195 1436 Hortorum
1221 1402 1419 1435 caelestium.

881 1479 941 1513 3b.
968 1479 1077 1512 Verbo
1105 1479 1224 1511 docens
1250 1483 1283 1511 et
1308 1479 1469 1519 exemplo,

967 1526 1133 1569 Effulgens
1159 1527 1195 1559 in
1218 1526 1282 1560 Dei
1309 1528 1430 1568 templo

1021 1576 1116 1608 Velut
1140 1575 1259 1608 ardens
1286 1575 1403 1608 facula.

881 1652 942 1686 4b.
969 1652 1139 1696 Signorum
1165 1661 1302 1694 namque
1319 1653 1506 1694 splendore,

971 1701 1133 1733 Virtutum
1159 1701 1265 1733 clarus
1292 1700 1428 1742 fulgore,

1019 1749 1154 1790 Semper
1178 1752 1215 1781 ut
1239 1750 1288 1782 sol
1314 1750 1445 1784 emicas,

880 1826 938 1860 5b.
967 1826 1021 1859 Ad
1048 1827 1175 1859 domum
1202 1827 1413 1860 aeternitatas

969 1874 1135 1915 Veraeque
1161 1874 1329 1908 felicitatis

1015 1923 1081 1956 Per
1106 1923 1261 1955 virtutum
1284 1923 1443 1956 semitam.

881 2000 940 2034 6b.
968 1999 1081 2033 Caelos
1106 2000 1192 2040 petis
1215 2000 1379 2034 laureatus

966 2047 1012 2080 Et
1036 2058 1056 2081 a
1081 2048 1209 2081 Christo
1236 2059 1270 2082 es
1295 2054 1428 2082 vocatus

1015 2097 1069 2130 Ad
1097 2097 1258 2130 caelorum
1284 2099 1441 2139 praemia.

881 2172 939 2207 7b.
967 2172 1060 2206 Sicco
1086 2184 1205 2215 parans
1230 2177 1316 2216 pede
1339 2177 1438 2220 viam,

970 2222 1105 2262 Quando
1132 2223 1224 2255 ducis
1249 2224 1377 2264 plebem
1405 2227 1491 2266 piam

1014 2271 1168 2303 Amnium
1193 2280 1254 2312 per
1278 2272 1378 2308 invia.

879 2348 939 2383 8b.
966 2347 1067 2381 Sacra
1091 2348 1319 2383 benedictione

967 2396 1062 2429 Dona
1088 2401 1120 2429 et
1144 2401 1346 2438 protectione

1015 2445 1088 2478 Hoc
1112 2450 1201 2478 tuum
1229 2450 1428 2483 coenobium.
