1656 2690
713 113 978 149 ——130—

594 208 658 240 142.
692 209 736 240 De
757 209 867 241 sancto
888 208 1143 240 Bartholomaeo.

282 282 434 314 Exsultet
460 290 532 313 cum
557 280 683 312 laetitia

285 330 384 371 Virgo
409 332 514 362 mater
540 328 686 370 ecclesia,

332 377 485 419 Apostoli
510 377 662 419 gaudium

284 446 344 487 Qui
369 445 412 478 ad
437 445 565 479 Indiam
592 445 734 478 directus

283 495 363 528 Mox
387 494 482 527 ruina
508 495 558 526 est
583 493 713 526 effectus

332 542 499 576 Idolorum
523 542 651 575 ritibus

283 610 369 643 Dum
381 618 456 650 ergo
467 609 630 643 Christum
641 609 821 652 praedicat,

282 658 446 692 Mirandis
471 658 572 699 signis
598 658 714 690 emicat

329 707 454 740 Doctor
479 707 527 738 sic
551 707 726 739 veridicus.

196 775 256 808 4a.
278 774 368 815 Rege
393 772 512 805 dehinc
535 773 700 814 baptizato

281 822 333 854 Ac
357 822 390 854 in
415 822 596 862 praesulem
625 822 731 854 dicato

330 869 470 903 Ordinat
494 869 675 904 ecclesiam.

197 283 258 316 la.

197 448 255 479 2a.

195 612 255 644 3a.

197 938 255 971 5a.
284 937 349 970 Sed
374 936 476 977 iniqui
501 937 652 969 scelerati

283 984 478 1018 Sacerdotes
504 986 689 1026 congregati

331 1035 509 1074 Astyagem
535 1033 664 1074 adeunt,

198 1102 259 1134 6a.
287 1100 341 1132 Sic
366 1100 531 1141 apostolus
554 1099 701 1140 insignis,

285 1148 432 1188 SanctuS,
460 1148 566 1180 clarus
593 1151 625 1180 et
648 1148 767 1181 nobilis

332 1195 487 1230 Caeditur
509 1196 676 1230 acerrime.

197 1265 257 1296 7a.
282 1261 360 1296 Iesu
387 1262 502 1304 dulcis,
529 1264 604 1296 Iesu
628 1263 692 1304 pie,

284 1311 331 1343 Te
356 1310 525 1344 laudamus
550 1311 584 1343 in
609 1311 671 1343 hac
697 1312 760 1353 die,

333 1359 431 1392 Salva
455 1367 512 1391 nos
538 1358 579 1391 ab
605 1359 762 1401 hostibus,

266 1435 351 1463 Miss.
373 1434 615 1463 Praedicatorum
635 1436 706 1473 imp.
727 1436 862 1465 Venetiis
885 1434 969 1465 1523.

890 279 950 314 ib.

891 443 949 479 2b.

890 607 948 641 3b.

887 773 946 807 4b.

889 935 948 969 5b.

894 1100 952 1134 6b.

892 1263 950 1297 7b.

976 278 1218 313 Bartholomaei
1242 277 1360 317 incliti,

979 327 1147 361 Praeclari
1171 326 1251 360 civis
1275 326 1399 366 caelici‚

1026 375 1206 410 Concinens
1230 374 1432 415 martyrium.

977 444 1062 477 Nam
1086 442 1245 476 Astaroth
1273 441 1436 475 obmutuit

976 492 1021 525 Et
1045 495 1124 524 tunc
1146 489 1256 523 adfari
1281 490 1396 534 potuit,

1027 540 1107 574 Cum
1130 539 1226 571 iussit
1251 539 1428 579 apostolus.

976 607 1174 640 Daemonem
1199 616 1336 647 nequam
1363 606 1439 638 eicit

977 656 1022 689 Et
1047 655 1216 688 ecclesiam
1242 655 1339 696 erigit

1024 705 1149 737 Praeco
1176 703 1391 744 evangelicus,

974 772 1054 805 Post
1077 772 1251 805 multorum
1275 780 1336 813 pro
1362 771 1467 803 salute

975 820 1186 861 Acquirenda
1211 829 1281 852 cum
1307 820 1428 853 virtute

1027 868 1149 902 Christi
1174 868 1300 909 spargit
1324 868 1473 909 gratiam.

975 937 1022 970 Ut
1046 936 1235 977 praeclarae
1259 936 1311 968 vir
1337 935 1468 968 virtutis

974 985 1179 1017 Plecteretur
1204 992 1311 1024 poena
1333 983 1459 1026 mortis,

1025 1032 1108 1066 Toto
1133 1032 1205 1063 nisu
1231 1034 1392 1072 satagunt.

980 1100 1107 1132 Dehinc
1131 1099 1219 1139 pelle
1244 1099 1309 1131 iam
1333 1099 1481 1139 privatus

980 1148 1069 1181 Ense
1093 1147 1142 1179 sic
1167 1149 1217 1179 est
1243 1147 1422 1180 decollatus

1032 1196 1088 1228 Vir
1112 1204 1272 1235 supernae
1297 1195 1430 1236 gloriae.

979 1264 1134 1297 Precibus
1160 1263 1400 1295 Bartholomaei

978 1312 1045 1344 Nos
1071 1311 1243 1352 perducas,
1269 1309 1317 1343 fili
1339 1311 1413 1353 Dei,

1026 1360 1082 1393 Ad
1107 1361 1139 1390 te
1163 1359 1197 1391 in
1224 1359 1430 1394 caelestibus.

613 1547 678 1579 143.
713 1548 756 1580 De
781 1549 890 1580 sancto
911 1548 1090 1581 Benedicto.

600 1619 630 1653 1.
659 1618 812 1652 Gaudens
837 1620 1065 1653 monachorum

655 1667 739 1708 legio
767 1668 952 1711 conjubilet,

894 1749 914 1780 2
921 1746 953 1781 b.

199 1744 258 1776 2a.
285 1744 394 1776 Patris
419 1743 569 1776 intonans
594 1745 721 1786 merita,

288 1791 370 1824 Sunt
396 1800 477 1832 quae
502 1795 552 1825 tot
575 1793 667 1825 miris
693 1794 825 1836 prodita

332 1840 512 1873 Miraculis.

196 1908 257 1941 3a.
286 1908 408 1941 Nursia
432 1908 580 1949 genetrix

283 1957 388 1989 almae
412 1956 525 1998 prolis⁷

285 2004 390 2037 Roma
415 2005 543 2037 doctrix

286 2054 429 2086 eiusdem
455 2051 560 2085 fertur
584 2053 717 2086 subolis.

283 2120 379 2153 Vasis
405 2118 502 2152 fracti

283 2171 425 2200 maestae
446 2168 582 2200 nutricis

283 2219 432 2249 naturam
455 2214 636 2249 reformans

285 2265 396 2298 reddit
419 2264 590 2305 integram,

195 2123 256 2154 4af

285 2332 372 2365 Hinc
395 2330 460 2364 iam
484 2341 576 2364 cassa

287 2381 395 2413 laudis
420 2378 574 2424 fugitans,

285 2428 430 2462 ferarum
456 2429 559 2462 lustra
585 2430 787 2473 quaeritans3

199 2334 258 2366 5a.

890 2122 951 2156 4b.

891 2334 950 2368 5b.

981 1747 1077 1779 Ortus
1102 1745 1203 1778 nobili
1229 1749 1409 1790 stemmate,

983 1796 1048 1828 Sed
1073 1795 1229 1827 virtutum
1256 1794 1294 1827 fit
1318 1795 1472 1836 lampade

1028 1843 1190 1877 Nobilior.

894 1910 955 1945 3b.
982 1911 1102 1944 Aetate
1126 1910 1253 1942 lubrica

980 1967 1136 1999 spernens
1163 1962 1279 1991 cuncta

979 2007 1021 2039 ad
1047 2015 1189 2048 superna

980 2055 1136 2087 tendebat
1159 2055 1277 2088 mentis
1302 2055 1426 2089 lumina

978 2123 1104 2156 Multos
1130 2122 1261 2155 schema

979 2171 1043 2202 rite
1067 2171 1200 2203 vivendi

979 2219 1124 2252 Romano
1150 2220 1303 2252 tradente

978 2267 1083 2300 laetus
1109 2267 1239 2308 accipit.

977 2335 1022 2367 Et
1047 2343 1108 2367 nec
1132 2335 1180 2366 ibi

979 2384 1106 2424 lampas
1131 2383 1238 2426 latuit,

982 2432 1041 2464 sed
1066 2440 1140 2464 mox
1167 2432 1314 2473 pluribus
1341 2436 1456 2475 patuit.
