1656 2690
707 127 972 163 —229—

182 220 243 253 2a.
272 221 414 262 Legibus
882 228 940 260 Za.
968 227 1111 269 Regibus

273 269 395 302 Christi
420 279 480 312 pro
507 273 719 306 sanctissimis
967 276 1010 308 Hi
1035 279 1110 309 sunt
1135 288 1154 310 a
1180 277 1375 310 saevissimis

318 318 485 360 Martyres
512 320 628 362 effecti,
1018 326 1135 358 Omnes
1160 325 1334 358 interfecti.

635 381 667 415 3.
694 379 758 412 Sed
784 390 859 414 mox
885 385 922 414 ut
947 384 1052 415 enecti

691 428 775 461 Sunt
800 430 884 463 vecti

693 476 861 510 Caelorum

692 525 755 558 Per
780 535 893 558 manus
919 528 1106 569 angelorum

738 574 793 607 Ad
818 576 947 614 gaudia.

248 628 332 656 Miss.
349 631 386 656 et.
402 631 489 659 Brev.
506 640 560 659 ms.
576 631 763 659 Bdisianum
781 639 858 659 saec.
877 630 921 662 15.
950 632 1021 660 Cod.
1032 634 1202 662 Bruxellen.
1218 633 1329 663 9786-—
1335 633 1381 663 90.
1396 635 1510 663 -Aus

168 668 219 695 (101
222 667 325 696 selben
339 668 446 702 Quane
460 669 547 697 Anal.
562 670 701 698 Bolland.
715 670 768 704 VI,
789 668 855 698 361.
875 685 916 690 —
935 670 981 698 Ob
996 671 1141 709 Sequenz,
1162 675 1240 701 trotz
1258 673 1309 702 der
1324 672 1510 710 8011110112οῃ-

167 707 241 735 sci-m
261 705 347 734 nicht
366 707 467 736 ausser
486 708 615 736 Zweifel.

629 782 694 814 263.
726 781 770 814 De
791 783 901 814 sancto
924 783 1043 817 Mauro.

604 845 635 879 1.
662 844 797 878 Maurus
823 844 934 878 lucida

663 893 800 926 Scandit
824 893 891 933 poli
920 894 1069 927 culmina.

201 951 262 984 2a.
289 949 461 983 Hodierna
485 951 681 984 iucundetur
898 952 958 986 2b.
986 952 1154 985 Hodierna
1183 953 1236 985 die
1261 956 1367 987 mater

339 998 392 1030 die
417 999 511 1041 plebs
535 1001 692 1040 angelica,
1034 1000 1151 1033 iubilet
1176 1002 1322 1035 ecclesia.

201 1056 262 1089 3a.
292 1056 381 1090 Grex
407 1057 531 1090 ordinis
557 1058 739 1098 monastici,
900 1058 959 1092 3b.
986 1058 1087 1091 Gesta
1111 1059 1221 1092 Mauri
1248 1061 1409 1093 concinite

290 1105 378 1138 Odas
403 1106 478 1138 date
500 1106 629 1147 cantici,
985 1107 1025 1139 In
1048 1116 1128 1140 voce
1153 1108 1307 1142 laetitiae.

199 1164 262 1196 4a.
289 1162 356 1195 Hic
381 1163 564 1198 duodennis
901 1165 962 1199 41).
988 1166 1102 1198 Annos
1128 1165 1178 1198 bis
1205 1166 1306 1199 denos

335 1211 515 1245 Benedicto
541 1213 694 1254 traditur,
1036 1214 1098 1246 hoc
1123 1214 1182 1247 sub
1208 1214 1290 1247 duce
1316 1215 1425 1249 alitur.

198 1270 258 1304 5a.
286 1269 413 1311 Maure,
441 1270 501 1303 sub
528 1271 589 1303 hoc
616 1272 698 1305 duce
900 1273 957 1305 512.
987 1272 1072 1305 Dum
1097 1274 1202 1313 patris

336 1318 407 1358 quis
431 1318 543 1363 fueris,
1035 1322 1209 1361 imperium
1234 1321 1375 1364 peragis,

289 1367 451 1408 Prodigiis
478 1371 572 1408 patet
985 1369 1118 1410 Absque
1143 1370 1278 1402 madore

332 1415 522 1450 innumeris.
1033 1416 1158 1450 fluenta
1180 1419 1315 1459 premis.

201 1475 259 1507 fia.
287 1474 336 1506 Tu
362 1473 490 1515 linguae
517 1474 630 1508 reddis
897 1476 956 1510 6b.
983 1475 1051 1508 Das
1077 1475 1165 1508 vires
1190 1474 1316 1518 fractis,

286 1520 503 1563 Officiumque
525 1523 632 1565 pedis,
986 1524 1123 1558 Gaecam
1149 1524 1263 1558 videre
1287 1524 1381 1559 facis.

200 1580 257 1611 7a.
287 1581 347 1620 Qui
373 1581 434 1613 tibi
460 1581 689 1623 obloquuntur,
899 1583 958 1616 7b.
986 1582 1059 1615 Sint
1082 1582 1270 1615 laudatores
1297 1584 1345 1616 tui

284 1629 451 1662 Daemone
471 1629 682 1663 invaduntur.
986 1631 1064 1664 Tuis
1090 1631 1149 1663 sub
1177 1631 1237 1664 alis
1265 1632 1337 1666 tuti.

198 1686 259 1720 Sa.
291 1687 435 1720 Daemon
461 1690 518 1720 tua
899 1690 958 1723 811.
987 1689 1191 1730 obsessaque

335 1735 423 1769 iussa
449 1737 609 1770 tremiscit
1035 1747 1172 1778 corpora
1196 1738 1324 1779 linquit.

198 1794 259 1826 9a.
286 1794 358 1826 'sua
381 1803 470 1827 mors
497 1804 624 1837 quoquc
900 1796 960 1830 9b.
988 1796 1063 1829 Tibi
1090 1796 1166 1829 viva

334 1843 436 1876 verba
461 1844 619 1884 pavescit,
1035 1845 1196 1879 cadavera
1221 1846 1343 1881 reddit.

176 1901 255 1935 [Oa.
282 1902 333 1934 Tu
360 1902 418 1934 das
446 1901 588 1936 bibendo
874 1903 959 1937 lob.
986 1902 1136 1936 Membra
1161 1912 1322 1944 personae

338 1950 446 1984 vinum
473 1961 538 1984 non
563 1950 713 1995 deficere,
1037 1952 1140 1985 nectis
1166 1953 1379 1994 paralyticae.

170 2008 253 2042 iia.
282 2009 426 2043 Labrum
453 2019 614 2052 naresque
875 2011 960 2045 iib.
989 2010 1123 2043 Secreta
1148 2011 1255 2044 noscis

331 2059 446 2092 morbo
469 2068 563 2093 curas
590 2060 747 2100 canceris,
1036 2059 1255 2100 pandentibus
1281 2060 1416 2100 angelis

170 2118 256 2150 1221.
284 2117 456 2150 Annorum
482 2118 600 2151 libram
629 2127 759 2153 auream
874 2119 957 2152 121),
985 2118 1053 2151 Nos
1079 2121 1155 2159 post
1175 2119 1344 2151 decursum
1363 2119 1506 2152 stadium

284 2166 437 2207 Comples
465 2169 497 2198 et
521 2167 621 2199 sumis
646 2168 803 2202 lauream,
985 2167 1054 2200 Fac
1078 2168 1258 2207 promereri
1283 2168 1443 2203 bravium.

168 2227 211 2259 13
223 2235 251 2259 a.
280 2226 431 2259 Praestet
456 2225 519 2258 hoc
543 2234 604 2267 per
629 2228 663 2258 te
873 2226 961 2260 131).
990 2227 1141 2259 Praestet
1165 2227 1227 2259 hoc
1252 2226 1356 2267 patris

327 2278 422 2316 pater
449 2279 548 2316 atque
570 2279 680 2317 natus,
1033 2275 1198 2317 genitique
1222 2273 1330 2316 flatus,

688 2334 743 2368 14.
770 2334 860 2367 Deus
885 2343 979 2366 unus.

235 2391 324 2428 Trop.
354 2392 597 2421 1115.03.511101150
627 2401 704 2421 sace.
729 2390 773 2419 12.
800 2394 841 2420 in.
885 2391 956 2420 0οᾶ
979 2391 1115 2420 Casinen.
1138 2390 1204 2421 546
1225 2392 1260 2419 A.
1285 2407 1322 2411 —
1343 2393 1427 2420 Miss.
1448 2400 1503 2419 ms.

160 2430 326 2459 Casinense
346 2439 416 2460 saec
447 2429 493 2459 14.
529 2441 565 2460 ex
616 2430 687 2460 Cod.
711 2431 849 2460 Casinen.
873 2429 937 2460 128.
959 2431 992 2459 B.
1013 2446 1053 2450 ——
1076 2430 1158 2459 Offic.
1180 2439 1234 2460 ms.
1257 2430 1286 2459 S.
1308 2431 1408 2459 Mauri
1428 2438 1506 2459 saec.

158 2467 202 2497 12.
235 2478 278 2497 ex.
329 2470 644 2509 God.1>et1‹›hur.gen
672 2472 696 2500 F
723 2471 739 2499 Ι
765 2469 802 2499 27
833 2469 922 2506 (nach
953 2468 1064 2499 Gillert
1093 2471 1126 2498 in
1154 2471 1294 2507 Briegers
1323 2470 1452 2498 Zeitsch.
1485 2470 1503 2497 f.
