1656 2690
714 153 954 188 -40-

181 251 239 285 3a.
267 251 385 284 Omnes
412 252 495 284 enim
876 251 936 285 3b.
964 250 1086 282 Nostra
1110 253 1261 290 spectans

268 299 472 339 peccavimus
499 299 528 331 ei
961 299 1104 331 lamenta
1128 298 1226 339 digua

268 350 301 378 et
324 349 431 387 parcit
454 347 548 379 nobis
961 356 1021 387 pro
1049 347 1152 388 culpis
1178 346 1298 378 multis.

180 415 243 448 4a.
270 414 340 446 Nec
365 415 492 454 quaerit
515 423 574 447 nos
602 414 765 454 damnare,
873 415 932 449 4b.
960 414 1042 447 Nam
1068 415 1159 446 venit
1179 414 1214 446 in
1231 414 1316 446 hunc
1335 413 1501 453 mundum,

267 462 325 494 sed
350 462 478 496 salvare
504 465 537 494 et
961 463 1050 495 nasci
1078 463 1227 504 dignatus

266 510 426 552 liberare3
961 520 1021 551 per
1045 511 1213 551 virginem,

181 579 239 611 5a.
269 578 459 611 Peccatores
486 587 602 613 vocare
875 579 935 613 5b.
961 579 1052 611 1ntra
1078 578 1320 618 paenitentiam.

182 645 239 678 6a.
265 644 380 677 Gratia
405 646 493 679 cuius
519 649 584 678 stat
607 646 720 689 iustus,
875 646 933 680 6b.
962 645 1097 678 Veniam
1122 645 1253 686 nostris,
1281 647 1315 677 tu
1343 645 1440 685 Deus,

267 696 419 733 peccator
443 695 554 737 lapsus
580 695 729 734 resurgit.
963 694 1041 726 dare
1066 693 1208 735 digneris
1234 693 1377 734 peccatis

182 761 201 793 7
210 770 239 793 a.
265 760 310 793 Et
336 761 417 794 caeli
442 762 561 803 gaudia
874 761 932 795 7b.
959 761 1037 793 Tuis
1064 770 1103 794 ac
1130 759 1231 793 facias

268 817 338 840 cum
365 811 486 842 sanctis
512 809 668 850 omnibus,
961 810 1074 850 dignos
1101 809 1337 850 conspectibus,

582 879 614 911 8.
642 877 687 910 Ut
711 878 879 910 laudemus
905 875 1023 918 fulgidi

637 934 753 958 nomen
778 929 868 958 tuum
894 926 1066 966 gloriosum

637 983 697 1014 per
723 976 839 1017 cuncta
863 974 1063 1006 saeculorum

636 1022 775 1054 saecula.

246 1087 331 1114 Miss.
345 1095 400 1114 ms.
414 1088 548 1116 Metense
562 1088 633 1116 anni
649 1085 733 1115 1321.
764 1087 835 1116 Cod.
849 1087 958 1115 Meten.
975 1084 1038 1115 133.
1060 1102 1098 1106 —
1121 1084 1172 1121 1a,
1188 1084 1206 1113 2
1229 1095 1272 1114 ac.
1297 1102 1330 1106 —
1355 1086 1407 1122 lb,
1423 1086 1441 1115 2
1457 1097 1499 1125 sq.

168 1126 201 1152 in
222 1126 296 1153 eius.
317 1139 356 1143 —
376 1123 427 1160 2a,
449 1124 467 1153 2
486 1128 583 1154 iustus
604 1128 732 1162 patiens.

613 1239 660 1272 37.
695 1239 738 1271 De
760 1238 896 1280 Corpore
917 1239 1044 1271 Christi.

530 1323 561 1355 1.
589 1322 673 1360 Ave,
699 1329 811 1352 verum
837 1329 952 1361 corpus
978 1324 1088 1354 natum

631 1368 682 1401 De
707 1369 814 1401 Maria
841 1369 975 1412 virgine,

177 1437 235 1468 2a.
263 1436 349 1468 Vere
373 1444 514 1479 passum,
539 1436 737 1468 immolatum
872 1436 931 1469 2b.
960 1436 1056 1469 Cuius
1082 1438 1167 1469 latus
1193 1436 1395 1478 perforatum

311 1483 351 1515 In
378 1492 472 1516 cruce
497 1493 557 1525 pro
582 1484 722 1524 homine,
1006 1485 1091 1517 Vero
1116 1483 1213 1518 fluxit
1236 1487 1401 1527 sanguine.

176 1552 237 1585 32..
264 1551 446 1584 Immolaris
471 1552 505 1583 in
531 1552 628 1584 altari
869 1552 929 1586 3b.
956 1552 1002 1585 Et
1025 1553 1084 1585 sub
1110 1553 1185 1586 vino
1213 1554 1394 1595 degustaris

310 1598 376 1631 Sub
403 1600 497 1640 panis
524 1600 693 1641 velamine,
1003 1601 1044 1634 In
1068 1605 1196 1634 sacrato
1224 1603 1334 1635 calice.

175 1668 235 1700 4a.
261 1666 342 1698 Esto
368 1667 461 1700 nobis
485 1670 728 1708 praegustatum
786 1690 792 1696 .
871 1668 930 1702 4b.
959 1669 1098 1702 Cunctos
1123 1670 1233 1702 hostes
1261 1671 1456 1711 depellendo

308 1715 425 1748 Mortis
450 1716 481 1748 in
509 1716 655 1748 examine
1005 1717 1074 1749 Tuo
1099 1721 1212 1750 sancto
1237 1717 1378 1752 flamine.

173 1784 234 1817 5a.
261 1783 286 1816 Ο
315 1783 427 1822 dulcis,
456 1793 473 1816 0
499 1784 553 1824 pie
580 1783 718 1826 Christe,
870 1785 930 1818 5b.
958 1786 1018 1825 Qui
1038 1794 1108 1817 cum
1126 1789 1221 1826 patre
1238 1795 1366 1828 semper
1380 1797 1497 1829 regnas

307 1831 430 1872 Regum
456 1841 514 1864 rex
541 1835 573 1864 et
596 1832 745 1871 Domine,
1003 1833 1048 1866 Et
1074 1843 1144 1866 cum
1171 1838 1283 1867 sancto
1308 1834 1449 1870 flamine.

241 1907 325 1944 Miss.
347 1916 402 1935 ms.
418 1908 652 1936 fflaneiscanum
664 1907 833 1945 (Corvinus)
848 1918 924 1938 saec.
940 1908 985 1938 15.
1021 1910 1092 1939 Cod.
1109 1911 1248 1939 Vatican.
1264 1912 1360 1940 Urbin
1375 1911 1440 1941 110.
1461 1929 1500 1933 —

164 1946 224 1973 Die
243 1945 431 1975 Uberschtift
455 1947 566 1975 lautet:
609 1947 663 1984 „In
682 1948 757 1976 festo
779 1949 913 1986 corporis
935 1952 965 1977 et
984 1951 1140 1986 sanguinis
1162 1951 1285 1978 Domini
1310 1954 1408 1980 nostri
1429 1953 1500 1981 Iesu

167 1983 278 2012 Christi
299 1983 489 2021 Sequenfia“.

616 2090 663 2122 38.
697 2091 741 2122 De
763 2090 897 2131 corpore
918 2091 1046 2124 christi.

175 2169 192 2203 1
207 2178 236 2202 a.
263 2168 316 2201 De
341 2168 461 2202 Christi
488 2179 624 2210 corpore
872 2172 930 2206 1b.
957 2173 1030 2206 Hoc
1056 2177 1106 2206 est
1131 2175 1289 2208 cibarium

312 2216 419 2249 Tanta
443 2218 613 2250 sollemnia
1007 2222 1093 2255 Vere
1117 2222 1278 2266 reficiens,

266 2265 421 2298 sollemni
447 2266 564 2298 decore
959 2270 1056 2302 Panis
1083 2272 1269 2304 caelestium

313 2313 407 2346 Colat
432 2314 580 2355 ecclesia,
1008 2318 1058 2350 De
1085 2320 1173 2351 caelo
1199 2321 1342 2365 veniens,

263 2362 452 2403 Mundoque
476 2364 609 2403 pectore
962 2365 1083 2398 Christi
1107 2368 1299 2408 martyrium

314 2412 465 2445 solvatur
489 2411 593 2453 gloria
1006 2413 1103 2454 Infigi
1129 2414 1252 2447 faciens

359 2459 440 2493 Tam
463 2459 583 2492 mundo
611 2461 748 2502 corpori.
1056 2463 1182 2495 Devoto
1208 2467 1354 2500 memori.
