1656 2690
693 109 958 146 *153*

186 208 246 239 4η.
275 206 330 238 Sic
354 205 482 240 firmato
509 205 618 240 firmas
645 216 764 252 omnes,

275 254 322 288 Ut
338 254 380 288 ad
395 255 539 288 Francos
557 255 655 289 fidem
674 255 791 289 fundes

326 304 489 337 Praesulis
515 303 633 338 officio,

188 373 206 405 5
222 381 250 406 a.
279 370 344 405 Sed.
369 380 433 404 non
451 371 563 404 suffert
581 373 632 405 leo
651 371 792 405 fremens

276 419 429 453 Sanctum
448 421 534 453 hunc
547 424 579 453 et,
592 430 666 454 suos
682 424 793 454 tenens

327 467 527 502 Perfidorum
553 469 660 513 rabie3

191 539 251 573 Ga.
278 537 385 580 Felix,
414 547 474 578 per
499 547 592 579 quem
620 537 733 571 feritas

278 586 441 619 Sternitur
467 589 500 619 et
523 585 650 619 falsitas

326 634 428 667 Vultu
455 635 643 676 dissipatur.

192 703 209 735 7
225 712 253 737 a.
283 702 348 735 Sed
373 703 493 735 erroris
525 701 607 736 falso
633 703 711 736 victi

280 750 363 784 Sunt,
388 753 515 783 atroces
540 752 606 783 iam
623 751 795 795 praedicti,

329 800 527 840 Quaerentes
554 800 726 842 supplicia.

190 871 209 902 8
222 878 250 901 a.
280 867 305 901 O
324 876 420 908 quam
437 867 558 908 probat
574 866 652 900 feris
667 868 794 900 mitem!

279 917 395 949 Poenis
405 919 546 957 purgant
553 916 676 950 Chm'sti
685 917 795 960 vitem,

325 964 409 997 Late
432 964 519 1005 quod
544 963 730 999 fructificet.

193 1034 254 1066 ea.
282 1032 412 1065 Laudes
437 1041 512 1074 ergo
540 1032 726 1066 doctissimo

278 1080 325 1112 Et
348 1080 484 1120 martyri
509 1079 688 1114 fortissimo

327 1129 398 1169 Dic,
426 1137 504 1169 gens
531 1138 696 1170 conversa,

165 1197 209 1230 10
220 1207 249 1232 a.
276 1196 344 1229 Sed
361 1200 408 1235 tu,
433 1197 579 1238 praesul,
599 1197 713 1230 doctor
731 1198 794 1238 pie,

277 1245 412 1286 Semper
438 1254 505 1286 ora,
531 1245 713 1278 ierarchiae

325 1295 373 1328 Ut,
397 1294 569 1336 iungamur
594 1303 757 1335 superum.

884 210 943 244 4b,
972 210 997 243 O
1024 219 1118 251 quam
1146 210 1221 243 forti
1250 209 1387 243 caritate

970 258 1079 292 Mores
1104 258 1203 292 struit
1229 262 1260 291 et
1288 258 1460 290 damnatae

1021 307 1179 340 Subvenit
1206 307 1349 340 Parisios

885 375 944 409 svb.
973 378 1058 415 Quos
1082 375 1147 408 iam
1173 374 1289 408 fortior
1315 374 1469 407 Samsone

976 424 1038 456 Per
1063 426 1096 456 te
1120 424 1232 465 vincit,
1261 425 1336 458 Iesu
1362 424 1454 464 bone,

1024 472 1136 505 Victor
1161 471 1198 505 fit
1224 475 1290 505 tam
1316 473 1417 505 varie.

887 540 946 575 (ib.
973 540 1103 573 Morum
1129 549 1203 573 nam
1228 540 1423 580 iucunditas,

976 589 1074 621 Fides
1102 598 1140 621 ac
1165 589 1323 621 serenitas

1026 637 1156 670 Cunctis
1184 637 1436 670 commendatur.

889 704 947 738 7b.
975 705 1082 744 Orate,
1110 703 1182 737 foco
1210 705 1409 737 clibanorum

977 752 1064 785 Foro
1082 753 1202 785 sanetis
1217 755 1336 793 purant
1347 753 1492 795 thorum,

1024 801 1070 833 Et
1095 804 1170 833 sunt
1195 801 1275 833 haec
1300 800 1404 834 initia.

890 868 949 902 8b.
979 867 1091 901 Cibum
1120 868 1267 902 Christus
1294 877 1365 900 sese
1384 869 1495 912 donat,

979 916 1024 950 Ut
1049 917 1097 949 sic
1124 920 1221 958 eaput
1242 918 1339 949 lictor
1365 920 1474 960 ponat,

1025 966 1118 1006 Quod
1141 965 1321 998 extinctum
1342 964 1479 999 deferet.

888 1033 946 1067 9b.
973 1033 1070 1066 Cuius
1098 1033 1215 1075 dogma
1241 1033 1394 1066 divinitus

978 1082 1042 1114 Ast
1065 1082 1232 1114 theorema
1259 1082 1387 1122 dignius

1026 1130 1152 1163 Lucent
1179 1139 1312 1164 emersa.

866 1199 950 1233 iob.
978 1198 1078 1239 Apud
1103 1199 1254 1232 thronum
1277 1199 1363 1240 regis
1381 1199 1497 1231 summi

977 1247 1025 1279 Te
1045 1248 1178 1280 iuvante
1204 1248 1302 1280 simus
1330 1247 1440 1279 mundi

1027 1296 1092 1328 Hic
1118 1300 1150 1328 et
1173 1296 1207 1329 in
1232 1299 1438 1337 perpetuum.

233 1371 321 1400 Grad.
348 1379 401 1399 ms.
426 1370 650 1408 Crucigerorum
673 1371 898 1401 Coloniensium
927 1381 1004 1401 saec.
1030 1371 1073 1401 15.
1117 1373 1187 1401 Cod.
1210 1374 1320 1401 semin.
1343 1373 1499 1401 Colonien.

156 1408 201 1438 lO.
231 1411 265 1438 A.
300 1424 334 1428 —
367 1409 454 1439 Grad.
487 1419 540 1438 ms.
568 1410 794 1448 Crucigerorum
824 1410 1050 1440 coloniensium
1083 1420 1159 1440 saec.
1189 1410 1224 1439 15

1286 1410 1354 1439 Cod.
1387 1412 1497 1440 Semin.

155 1449 308 1478 Colonien.
333 1447 376 1477 11.
398 1449 432 1477 Β.
480 1468 495 1471 -
531 1449 621 1477 Grad.
650 1459 704 1478 ms.
728 1449 952 1488 Crucigerorum
977 1450 1201 1479 Coloniensium
1236 1459 1309 1480 saec.
1338 1449 1383 1479 15.
1426 1451 1497 1479 Ood.

153 1488 265 1516 Semin.
296 1488 450 1516 Colonien.
474 1486 519 1517 14.
543 1488 573 1516 0.
603 1502 641 1508 -—
663 1488 752 1517 (strad.
775 1498 829 1517 ms.
853 1489 1080 1526 Crucigerorum
1102 1489 1326 1518 coloniensium
1352 1498 1429 1518 saec.
1454 1488 1498 1518 15.

153 1536 198 1555 ex.
243 1527 314 1556 Cod.
336 1527 446 1556 Semin.
470 1527 622 1556 Colonien-
645 1525 688 1556 13.
712 1528 746 1557 D.
776 1543 815 1547 —
842 1525 894 1557 3a.
916 1526 934 1557 3
954 1529 1106 1557 Accensus
1126 1529 1187 1557 ΑΒ.
1222 1544 1251 1548 -
1280 1528 1334 1563 4a,
1356 1527 1374 1556 2
1394 1529 1500 1557 fundes

153 1568 227 1594 statt
246 1566 353 1595 fundas
375 1566 526 1595 erscheint
544 1566 637 1595 durch
657 1567 714 1595 den
734 1567 820 1595 Reim
842 1567 900 1595 und
925 1568 972 1596 die
993 1566 1153 1596 Tradition
1174 1567 1226 1596 der
1239 1568 1309 1596 Hes.
1332 1568 1498 1604 geschiitzt.

154 1606 215 1634 Der
239 1606 327 1634 Reim
354 1613 415 1634 von
442 1605 547 1633 fundes
574 1607 629 1634 mit
655 1615 757 1634 omnes
785 1608 871 1635 weist
898 1607 1032 1635 iiber-dies
1062 1607 1141 1635 nach
1164 1607 1348 1636 Frankreich
1376 1607 1421 1635 als
1445 1607 1497 1635 der

152 1642 439 1673 wahrscheinlichen
459 1646 725 1683 Ursprungssti'ttte
745 1645 842 1673 dic-er
863 1644 1008 1682 SequenZ.
1031 1661 1069 1665 —
1089 1646 1164 1674 Melc
1172 1645 1234 1674 die:
1267 1647 1310 1674 In
1332 1646 1500 1674 caelesti

154 1682 385 1712 hierarchia.

600 1778 660 1811 172.
698 1779 741 1810 De
761 1779 870 1811 sancto
892 1778 1052 1818 Dionysio.

164 1850 221 1885 la.
248 1850 442 1883 Animemur
468 1850 509 1883 ad
538 1859 673 1892 agonem

252 1899 463 1934 Celebrantes
489 1899 674 1941 passionem

300 1948 415 1990 Magni
439 1948 609 1991 Dionysii3

161 2019 225 2050 2a.
253 2017 337 2050 Nam
361 2017 501 2050 Athenis
529 2018 684 2051 educatus

252 2066 310 2099 Vir
335 2066 369 2099 in
394 2065 461 2099 fide
486 2065 682 2100 reformatus

301 2114 364 2147 Est
389 2115 491 2149 Paulo
517 2116 741 2156 praedicante.

160 2185 221 2218 aa.
252 2184 312 2225 Qui
341 2186 407 2216 tres
434 2193 544 2219 sacros
570 2185 774 2226 principatus

252 2234 453 2274 Angelorum
483 2235 532 2266 est
556 2234 692 2267 rimatus

297 2282 422 2316 Novem
449 2291 574 2324 ponens
601 2283 741 2325 agmina,

162 2352 221 2384 4a.
249 2351 352 2385 Sacra
377 2348 526 2397 [scripta]
551 2352 606 2384 hic
624 2351 796 2395 compegit,

246 2400 472 2434 Ministrorum
500 2400 552 2434 hic
579 2400 709 2442 collegit

297 2449 438 2482 Ordines
466 2449 636 2490 ecclesiae,

863 1851 922 1885 lb.
949 1851 1009 1892 Qui
1036 1852 1076 1884 de
1102 1851 1221 1884 mundo
1248 1851 1463 1884 laetabundus

954 1899 1068 1933 Caelos
1091 1899 1219 1933 scandit
1247 1900 1450 1933 coronandus

1003 1949 1081 1982 Cum
1107 1950 1217 1990 palma
1243 1949 1404 1990 martyrii.

866 2018 924 2052 21).
951 2018 1016 2051 Hic
1041 2021 1091 2051 est
1118 2018 1231 2050 doctor
1256 2018 1314 2050 ille
1341 2018 1447 2050 clarus

950 2067 996 2100 Et
1020 2067 1202 2108 prophetiis
1227 2067 1416 2107 praeclarus

1002 2115 1131 2149 Christo
1157 2116 1233 2149 Iesu
1259 2116 1409 2151 donante.

867 2185 924 2218 3b.
950 2184 996 2219 Et
1021 2185 1063 2218 ad
1088 2184 1154 2217 ima
1179 2193 1243 2217 non
1272 2182 1416 2218 deflexus

953 2233 1042 2267 Miro
1069 2234 1165 2267 modo
1193 2236 1242 2266 est
1269 2234 1460 2274 complexus

1004 2282 1106 2315 Sacra
1130 2282 1194 2315 Dei
1220 2283 1361 2316 nomina.

867 2351 927 2385 4b.
957 2350 1198 2392 Conscripserit
1221 2352 1308 2392 quod
1335 2352 1439 2394 apice,

956 2401 1035 2434 Cum
1062 2400 1155 2433 nobis
1184 2400 1277 2434 dedit
1301 2401 1460 2442 mysticae

1003 2448 1125 2482 Sensus
1150 2449 1344 2491 theologiae,
