1656 2690
127 1182 170 1215 10
182 1191 211 1214 a.

131 1346 213 1381 11a.

642 102 914 138 —270—

150 202 209 234 4a.
236 201 320 234 Puer
345 200 470 241 sprevit
494 200 703 242 voluptatem,

238 249 370 282 Omnem
395 249 506 281 mundi
535 249 705 281 vanitatem

285 297 329 329 Et
353 300 524 337 parentum
548 297 695 341 gloriam,

151 366 211 397 5a.
238 365 275 398 In
302 364 473 404 seripturis
499 365 675 397 meditatur

237 412 282 446 Et
306 413 455 453 abyssum
482 417 706 453 perscrutatur

286 460 446 494 Fluminis
472 461 644 502 scientiae;

150 529 211 561 Ga.
239 529 395 568 Princeps
421 529 507 560 hune
522 529 753 570 apostolorum,

239 576 370 615 Paulus,
400 577 512 610 doctor
536 579 740 620 populorum,

287 626 392 658 Docet
415 635 510 658 omne
530 625 680 666 dubium3

152 693 211 724 7a.
239 691 336 725 Sidus
361 693 492 725 missum
520 693 723 727 decumbenti

239 739 346 773 Testis
373 739 434 774 fuit
459 743 610 774 morienti

285 789 456 822 Transitus
481 791 522 823 ad
549 789 712 833 bravium3

168 865 216 890 'a.
245 856 302 894 Qui
329 857 452 890 talenta
478 858 539 890 sibi
567 859 643 891 data

242 906 319 936 (lum
344 906 449 938 usuris
474 906 629 947 ampliata

288 953 428 986 Rettulit
452 954 494 985 ad
518 955 669 995 patriam,

153 1022 173 1051 9
184 1028 212 1052 a.
240 1018 382 1059 Tempus
398 1020 486 1051 vitae
502 1019 611 1053 fructu
622 1021 754 1061 plenum

239 1067 341 1099 Duxit
355 1076 472 1100 annum
487 1068 745 1110 quinquagenum

284 1114 408 1147 Iubilat
429 1117 465 1149 in
489 1116 608 1156 patria.

239 1182 320 1215 Ossa
343 1184 445 1215 sancti
474 1183 659 1218 detinentur

239 1230 361 1263 Fossae
386 1231 498 1265 Novae
524 1232 681 1266 violenter

286 1280 390 1312 Annis
416 1279 491 1312 olim
515 1281 672 1321 pluribus.

240 1346 337 1379 Hune
361 1347 481 1380 Tolosa
507 1352 689 1387 veneratur,

241 1394 304 1429 Ubi
332 1395 418 1428 Deus
444 1399 597 1435 operatur

288 1442 425 1483 Saepius
451 1444 618 1477 miracula.

845 200 907 234 4b.

846 366 906 399 5b.

846 530 904 564 fib.

844 694 903 728 7b.

845 859 905 892 8b.

845 1022 905 1056 9b.

820 1186 903 1220 10b.

822 1349 905 1385 111).

935 200 1070 241 Semper
1094 207 1227 233 servans
1253 197 1428 239 puritatem

936 248 1062 291 Carnis,
1090 248 1197 281 cordis
1224 247 1405 286 caritatem,

983 296 1189 337 Paupertatis
1215 296 1372 337 regulam.

934 365 1040 398 Datur
1056 373 1180 404 sensus,
1202 373 1296 405 quem
1315 361 1451 404 optavit,

933 413 1085 454 Spiritus,
1113 422 1206 454 quem
1232 412 1407 452 invocavit,

982 461 1052 495 Sibi
1077 460 1268 503 sapientiae.

932 527 1112 562 Crucifixus
1137 528 1225 561 hune
1248 527 1381 561 adfatur

934 578 977 610 Et
1001 577 1193 618 promittens
1218 576 1404 610 consolatur

981 626 1025 658 Se
1050 626 1177 658 doetori
1199 626 1391 666 praemium.

931 693 1003 726 Lux
1028 703 1047 726 a
1071 693 1168 727 terris
1195 694 1351 732 elevatur,

932 741 1070 775 Sanetus
1086 743 1226 775 Thomas
1238 750 1307 773 eum
1318 745 1454 774 vocatur

980 791 1034 823 Ad
1060 798 1203 830 perenne
1227 790 1390 830 gaudium.

933 859 1031 891 Velut
1055 858 1159 890 imber
1185 857 1239 898 qui
1267 856 1378 890 divina

931 907 1045 939 Totam
1072 906 1158 947 rigat
1183 915 1223 938 ex
1249 905 1400 938 doctrina

982 954 1104 988 Christi
1129 962 1216 986 nune
1241 952 1421 987 ecelesiam.

931 1022 1016 1055 Bina
1039 1022 1124 1054 stola
1150 1021 1333 1062 decoratus,

933 1070 1041 1113 Virgo,
1070 1070 1184 1102 doctor
1207 1072 1257 1102 est
1282 1069 1411 1102 dotatus

982 1117 1115 1161 Duplici
1140 1117 1283 1151 aureola.

930 1185 1048 1227 Ioseph
1071 1194 1144 1218 ossa
1169 1187 1244 1218 sunt
1268 1185 1437 1224 translata,

932 1233 1044 1267 Sancti
1054 1234 1197 1266 Thomae
1208 1234 1282 1266 dum
1293 1236 1370 1266 sunt
1377 1233 1454 1266 data

980 1282 1053 1315 Suis
1078 1291 1153 1314 ossa
1176 1280 1346 1314 fratribus.

934 1349 1030 1382 Cuius
1057 1349 1156 1381 vitam
1183 1357 1240 1381 nos
1267 1349 1388 1381 sectari

939 1397 983 1431 Et
1009 1406 1081 1430 cum
1102 1398 1174 1438 ipso
1200 1397 1334 1438 gloriari

990 1445 1054 1477 Det
1077 1445 1166 1478 Deus
1191 1445 1226 1477 in
1254 1445 1385 1478 saecula

193 1509 284 1537 Grad.
306 1512 336 1537 et
356 1509 496 1546 Sequent.
515 1519 569 1538 ms.
589 1511 792 1539 Unterliuden:
810 1521 822 1539 ².
841 1520 918 1539 saee.
940 1509 986 1540 14.
1026 1511 1099 1541 God.
1120 1511 1301 1541 Golmarien.
1322 1510 1389 1541 317.
1416 1528 1454 1532 —

116 1545 170 1580 4b,
192 1545 210 1574 2
232 1547 327 1576 corde.
345 1563 383 1568 —-
406 1547 476 1582 lla,
500 1547 512 1577 1
535 1549 630 1584 Nunc,
651 1550 764 1578 falsehe
782 1550 911 1578 Initiale.

532 1633 593 1666 313.
624 1635 669 1666 De
690 1643 714 1666 s.
736 1634 853 1667 Thoma
874 1633 1041 1675 Aquinate.

130 1705 144 1736 1
159 1712 188 1737 a.
215 1704 438 1738 Inviolata
461 1706 603 1740 iubilans

216 1752 370 1786 Laetetur
396 1753 542 1796 ecelesia,

127 1811 188 1842 23.
217 1811 241 1843 Ο
266 1810 324 1843 lux
351 1810 529 1855 doctorum,

214 1858 337 1892 Norma
359 1859 512 1903 iustitiae,

132 1925 184 1950 aa.
212 1917 261 1949 Tu
286 1917 337 1950 sol
360 1918 531 1952 illustrans

217 1965 332 1998 Omnia

265 2014 375 2047 mundi
402 2014 518 2055 pandis
545 2016 675 2049 elimata
686 2029 693 2058 3

128 2073 187 2104 4a.
216 2071 315 2104 Verbi
341 2074 557 2118 praedicator,

219 2116 413 2166 [Sermonis]
440 2123 603 2164 dominici,

128 2179 189 2210 511.
218 2178 243 2211 O
269 2181 416 2222 patrone,

481 2240 511 2271 6.
541 2239 566 2272 Ο
592 2243 739 2279 patrone,

823 1708 841 1740 1
850 1706 882 1740 b.
906 1707 933 1739 T
943 1706 965 1738 h
975 1716 993 1739 o
1002 1717 1033 1739 m
1044 1716 1064 1738 a
1073 1715 1091 1739 e
1114 1708 1267 1739 nuntians

909 1756 954 1788 Et
977 1764 1129 1796 promens
1154 1757 1340 1795 praeconia.

825 1812 884 1846 ab.
911 1814 962 1845 Tu
990 1814 1087 1846 decus
1114 1823 1248 1855 morum,

909 1862 959 1894 Tu
984 1860 1043 1894 flos
1068 1861 1258 1895 munditiae.

824 1918 883 1953 3b.
913 1917 1080 1952 Profunda
1105 1922 1253 1952 scrutans

909 1966 1093 1999 Fluminum

960 2024 1023 2055 pan
1029 2015 1078 2048 dis
1104 2015 1227 2050 abdita.

824 2072 885 2106 4b.
914 2073 983 2105 Lux
1010 2074 1132 2117 mundi¹
1160 2078 1249 2107 sator

914 2121 1051 2154 Seminis
1073 2121 1216 2164 almifici,

826 2179 886 2215 5b.
912 2181 937 2214 Ο
964 2184 1112 2220 patrone,

539 2288 565 2320 O
591 2287 726 2327 Thema,
752 2287 835 2319 caeli
862 2287 1033 2320 Dominum

542 2335 612 2368 Fae
636 2335 809 2376 placatum.

198 2391 289 2420 Grad.
322 2402 375 2420 ms.
407 2392 437 2421 S.
467 2392 654 2422 Katharinae
682 2392 900 2421 Divodnrensis
933 2401 1009 2422 saee-
1033 2391 1077 2422 14.
1118 2394 1190 2423 God.
1217 2396 1356 2425 vatican.
1385 2406 1408 2425 s.
1429 2407 1459 2426 n.

118 2430 171 2466 (ol.
194 2429 268 2468 120).
290 2431 356 2460 add.
378 2440 456 2460 saec.
479 2430 522 2461 15.
546 2446 578 2452 —e
602 2433 679 2461 Mel:
701 2432 911 2460 Inviolata.
