1656 2690
708 129 971 164 —210—

190 225 231 258 11
244 234 274 258 a.
300 226 397 258 quta
421 223 554 255 verbum
580 225 799 263 praedicentis
860 226 943 258 111).
970 226 1038 259 Dat
1061 235 1121 267 pro
1146 227 1221 258 vino
1247 227 1359 256 saneto
1386 223 1475 254 virus

298 274 344 306 Et
367 271 506 312 benigne
530 272 734 304 admonentis
970 274 1074 307 Homo
1092 282 1242 314 nequam,
1268 272 1364 304 homo
1385 270 1486 310 dirus,

301 320 383 353 Sunt
408 319 551 351 scabella
576 319 639 351 viri
662 318 770 352 flentis
973 322 1078 355 Homo
1103 322 1207 354 malus
1234 323 1267 352 et
1293 319 1416 352 delirus

349 368 434 400 Sano
460 368 653 400 necessaria.
1025 370 1068 403 Et
1093 370 1208 410 plenus
1233 367 1390 408 nequitia,

189 456 233 488 12
245 464 274 487 a.
300 455 420 487 Volens
445 457 557 486 saneto
584 454 663 486 dare
686 454 803 494 letum;
862 455 947 488 1212.
975 456 1079 497 Super
1106 456 1236 488 dantem
1263 455 1351 486 virus
1378 453 1477 493 eadit,

301 502 366 535 Sed
391 511 457 535 non
481 502 581 534 habet
606 502 662 534 leti
679 506 810 545 metum,
969 501 1488 543 Quemmorssaevamoxinvadit,

300 551 386 583 Dum
413 559 538 583 veneno
562 559 619 582 vas
644 550 811 591 impletum
974 551 1029 584 Sic
1053 560 1210 585 venenum
1238 550 1336 583 morti
1361 550 1465 582 tradit,

349 599 462 633 Crucis
487 599 579 639 signo
605 597 778 640 frangitur.
1021 600 1115 639 Eum,
1142 608 1162 631 a
1187 608 1249 639 quo
1274 598 1428 631 traditur.

190 688 232 722 13
245 697 273 720 a.
301 686 451 728 Leonori‚
478 685 552 719 fons
577 686 719 729 honoris,
861 686 945 721 131).
972 684 1301 728 Praesulsanete‚flos
1310 686 1487 726 hortorum,

299 736 347 768 Te
372 737 501 768 orantes
523 735 599 767 totis
625 734 715 767 horis
970 735 1043 767 Lux
1074 737 1107 767 et,
1132 734 1229 767 decus
1256 733 1486 775 confessorum,

295 784 388 817 Intus
414 791 510 815 serva
531 792 589 815 nos
615 786 648 815 et
672 781 753 815 fon's
974 783 1042 815 Nos
1069 784 1110 815 de
1135 781 1226 814 faece
1250 783 1484 815 mundanorum

298 832 361 864 Tui
385 830 478 864 nobis
505 831 585 863 dans
610 831 729 863 amoris
969 829 1353 864 Adeaelestemtransfer
1362 831 1503 870 chorum,

344 879 477 912 Sacrum
505 879 711 913 desiderium.
1017 880 1071 912 Ad
1097 887 1239 919 perenne
1263 879 1427 920 gaudium.

254 956 339 983 Miss.
373 963 427 983 ms.
456 954 680 983 Silvanectense
713 963 789 983 saec.
818 953 863 983 15.
912 955 981 983 Cod.
1011 955 1040 983 S.
1066 955 1234 984 Genovefae
1258 955 1404 982 Parisien.
1432 954 1503 982 BBl.

178 994 243 1022 Fci.
265 992 310 1021 11.
331 995 366 1022 A.
388 1008 424 1013 ω-
443 993 529 1020 Miss.
550 1002 604 1021 ms.
619 993 843 1022 Silvanectense
867 1002 944 1022 saec.
960 992 1006 1022 15.
1041 993 1111 1021 Cod-
1127 992 1158 1021 S.
1173 993 1344 1021 Genovefae
1357 993 1506 1021 Parisien.

178 1033 251 1060 BBl.
264 1033 328 1060 Fol.
351 1031 395 1060 12.
412 1033 444 1058 B.
464 1047 500 1050 —
520 1032 606 1059 Miss.
619 1031 844 1060 Silvanectense
856 1033 927 1068 imp.
941 1032 1067 1060 Parisiis
1090 1029 1174 1060 1524.
1190 1031 1221 1058 O.
1278 1047 1280 1051 ν
1300 1029 1351 1065 23,
1366 1029 1385 1058 2
1398 1031 1506 1059 Secum

177 1071 257 1099 vesse
277 1070 307 1098 O.
329 1086 367 1090 -
390 1068 459 1104 103,
482 1068 496 1097 1
518 1070 614 1106 Super
633 1079 731 1098 rerum
751 1071 812 1098 AB.
837 1086 868 1089 —
893 1071 956 1098 Auf
974 1068 1043 1105 101),
1059 1068 1077 1097 2
1096 1070 1173 1107 folg‘t
1192 1071 1240 1098 ein
1261 1070 1506 1107 iibersohiissiger

178 1110 267 1137 Vers:
289 1109 401 1137 Pedum
420 1108 546 1144 perdens
566 1118 638 1137 usus
659 1111 742 1136 aetus
762 1109 848 1137 ABG.
868 1124 908 1128 —
929 1107 999 1143 111),
1014 1107 1032 1136 2
1052 1109 1143 1137 durus
1163 1108 1223 1136 Ac.
1247 1123 1282 1127 —-
1306 1107 1342 1136 12
1351 1109 1378 1142 b,
1392 1107 1413 1136 4
1425 1109 1504 1136 Eum

178 1156 245 1175 eum
270 1157 328 1185 quo
356 1147 441 1176 ABG.
471 1162 511 1166 —
543 1145 613 1181 1310,
632 1146 653 1175 4
678 1148 715 1175 In
740 1148 867 1175 caeleste
887 1147 946 1175 AG.
977 1163 1016 1168 —
1045 1147 1188 1176 Melodie:
1218 1147 1361 1175 Laudes
1383 1149 1505 1175 erueis

179 1187 413 1215 attollamus.
445 1186 503 1213 Die
523 1185 767 1222 Stammsequenz
787 1187 828 1214 int
848 1195 947 1223 genau
966 1185 1179 1223 naehgeahmt3
1200 1194 1290 1221 sogal·
1310 1186 1360 1213 die
1379 1187 1510 1214 Binnen—

178 1226 271 1253 reime
292 1226 324 1252 in
351 1224 402 1260 23,
423 1224 474 1252 der
494 1222 791 1259 Rhythmusweohsel
811 1226 844 1252 in
865 1222 917 1259 31),
938 1223 991 1260 412,
1012 1224 1064 1259 71),
1087 1221 1130 1252 81)
1152 1224 1220 1251 sind
1240 1232 1338 1260 genau
1359 1225 1437 1252 naeh
1459 1225 1511 1252 der

180 1264 312 1300 Vorlage
336 1264 397 1291 und
423 1271 471 1290 am
499 1263 637 1300 gleiehen
655 1263 760 1290 Platze
785 1264 970 1291 beobaehtet.
1010 1264 1075 1291 Nur
1095 1262 1170 1290 fehlt
1190 1263 1242 1290 der
1263 1263 1457 1291 Binnenreim
1476 1264 1509 1290 in

182 1300 217 1330 10
225 1303 254 1336 b,
275 1303 336 1330 und
366 1301 577 1330 insbesondere
605 1303 647 1329 ist
665 1300 794 1337 Strophe
815 1300 830 1329 1
859 1302 936 1330 ohne
955 1301 1179 1338 Gegenstrophe
1199 1301 1374 1337 gehlieben3
1398 1302 1510 1338 infolge

179 1341 286 1368 dessen
311 1343 425 1369 reimen
449 1341 482 1367 in
507 1340 564 1368 den
587 1339 607 1368 4
633 1342 730 1368 ersten
750 1339 899 1376 Strophen
925 1340 1010 1368 nieht
1035 1340 1084 1368 die
1104 1339 1319 1368 Schlurszeilen
1341 1340 1392 1368 der
1412 1349 1509 1368 eorre-

179 1379 415 1415 spondjerenden
434 1378 666 1415 Halbstrophen.
689 1378 816 1406 sondern
837 1377 889 1412 21),
911 1376 929 1406 3
949 1380 1038 1406 reimt
1056 1379 1113 1406 mit
1132 1375 1183 1412 3a,
1204 1376 1222 1406 3
1244 1381 1298 1406 ete.
1326 1394 1364 1398 —
1389 1379 1508 1407 Misse‘c-

177 1418 284 1446 Weale
303 1416 400 1454 (Anal.
421 1417 536 1453 Liturg.
558 1417 582 1450 Ι,
603 1426 633 1453 p.
654 1414 721 1452 380)
748 1417 855 1444 ziehen
875 1417 924 1445 die
944 1417 1007 1445 drei
1027 1416 1252 1453 Halbstrophen
1271 1415 1325 1452 41),
1348 1416 1393 1445 53
1412 1427 1442 1445 u.
1465 1416 1507 1446 51³

178 1457 211 1483 in
232 1458 313 1484 eine
335 1455 462 1491 Strophe
482 1464 653 1483 zusammen
672 1455 734 1482 und
755 1455 935 1483 bezeichnen
956 1457 1000 1483 sie
1020 1456 1099 1483 dann
1119 1455 1178 1482 als:
1201 1455 1347 1492 „Strophe
1363 1458 1507 1491 eurieuse,

179 1493 198 1522 3
227 1495 407 1531 rapproeher
433 1494 469 1521 de
497 1494 571 1522 celle
598 1495 650 1530 qui
677 1494 772 1521 existe
798 1494 872 1522 dans
898 1494 930 1522 la
948 1494 1041 1522 Prose
1069 1495 1105 1522 de
1125 1493 1211 1521 Saint
1231 1494 1422 1531 Gendulphe,
1451 1504 1508 1532 que

178 1542 254 1561 nous
284 1542 377 1561 avons
403 1531 506 1568 publie
530 1537 571 1560 110
592 1529 674 1560 154st
715 1533 808 1560 Diese
834 1533 1024 1569 Bemerkung
1049 1534 1091 1561 ist
1116 1532 1296 1560 mindestens
1325 1531 1507 1570 „eui-ieuse“,

178 1572 302 1600 beweisi:
333 1572 419 1605 aber,
449 1572 508 1598 wie
535 1571 700 1607 naehteilig
729 1579 761 1598 es
791 1573 846 1608 ist,
876 1572 927 1599 bei
953 1571 1149 1608 Herausgabe
1172 1580 1233 1599 von
1258 1571 1432 1609 Sequenzen
1460 1572 1508 1600 die

177 1610 313 1638 Melodie
336 1609 491 1638 derselben
510 1610 601 1637 bezw.
622 1609 703 1637 ihrer
724 1609 1006 1647 Stammsequenzen
1025 1611 1110 1638 nieht
1128 1619 1165 1637 zu
1186 1610 1339 1638 beaehten.

643 1742 710 1774 239.
745 1743 790 1774 De
812 1743 921 1774 saneto
941 1743 1034 1774 Luca.

215 1826 276 1859 13.
302 1826 375 1858 Η33
398 1825 432 1858 in
458 1825 532 1856 aula
556 1824 624 1865 regi
650 1824 778 1858 Christo
908 1825 967 1859 11).
993 1824 1225 1866 Apostolorum
1255 1824 1405 1865 dignatus

302 1874 461 1914 condigna
487 1872 604 1905 dentur
629 1874 782 1915 carmina,
995 1878 1045 1906 est
1071 1872 1209 1906 dilatare
1234 1871 1366 1914 famina,

304 1923 364 1962 Qui
389 1921 520 1962 pervius
546 1921 655 1961 ampla
679 1922 790 1954 mundi
995 1922 1063 1961 Quo
1091 1921 1221 1961 utrique
1245 1922 1369 1953 nationi

301 1968 515 2011 quadriformi
540 1969 671 2001 climata
993 1968 1193 2010 profuissent
1219 1969 1380 2010 dogmata.

213 2049 275 2080 2a.
302 2048 425 2080 Horum
454 2042 525 2090 [de]
552 2047 686 2087 collegio
907 2046 966 2081 2b.
993 2047 1076 2078 Arte
1101 2046 1288 2079 medicinali

300 2096 446 2128 novimus
472 2093 573 2126 fuisse
994 2096 1144 2136 peritum,
1170 2095 1314 2127 nativum

300 2147 447 2176 sanetum
472 2143 606 2185 Lucam,
995 2144 1036 2175 de
1062 2143 1166 2186 Syria,

216 2222 277 2255 3a.
303 2220 454 2254 Secutum
480 2219 601 2261 egregii
907 2220 967 2255 3b.
994 2220 1209 2254 informatum
1234 2221 1275 2253 ab
1298 2222 1368 2263 illo,

301 2269 416 2302 inolita
440 2268 533 2301 PauJi
557 2268 688 2311 monita,
996 2270 1151 2302 caelibem
1179 2269 1350 2302 dueentem
1375 2272 1486 2307 vitam.

212 2349 275 2381 43.
303 2346 413 2380 Verba
442 2354 568 2386 quoque
594 2341 676 2390 [hic]
703 2349 815 2378 sancta
906 2347 968 2381 4b.
995 2345 1191 2385 Itinerisque
1216 2347 1298 2378 recti

303 2396 396 2429 nobis
422 2394 567 2426 exhibuit
994 2396 1146 2435 patenter
1168 2395 1307 2428 tradidit

302 2443 487 2486 evangelica
995 2443 1154 2476 scandere
1179 2443 1275 2488 viam,
