1656 2690
175 246 238 278 4a.

698 146 966 181 —160—

264 244 315 277 Tu
336 251 419 284 agna
444 242 566 275 Christi

264 301 336 324 esse
357 290 505 323 meruisti

264 341 516 381 angelorumque
541 347 703 381 germana,

869 243 929 277 4b.

956 243 1069 283 Tuque
1095 240 1232 274 furentis

959 290 1104 324 Fabricii
1130 290 1292 330 praesidis

959 340 1062 372 multa
1086 347 1265 381 magnaque
1291 347 1460 371 saevarum

264 398 338 421 nam
363 397 447 421 vana
960 397 1137 430 poenarum

264 435 397 470 nefandi
424 435 544 476 gaudia
568 435 680 468 mundi
962 446 1081 478 genera
1108 435 1216 468 divino
1242 438 1322 468 nutu

265 485 383 518 vicisti.
960 485 1133 526 superasti.

182 566 241 598 5a.
269 562 356 595 Hine
379 562 546 603 gentilium
875 564 936 597 5b.
963 564 1051 597 Hine
1075 571 1193 595 manna
1215 570 1325 595 verum

266 620 326 644 nos
351 610 509 651 reliquiae
962 612 1056 645 nobis
1081 610 1191 644 tribue

266 660 381 692 laudes
406 658 474 691 Deo
963 661 1004 694 ob
1031 659 1181 692 meritum

269 709 475 741 decantemus
499 707 599 740 hodie
960 707 1114 750 martyris
1139 707 1334 749 Dorotheae,

270 755 467 789 mirabilium
962 756 1213 798 praefiguratum

184 1125 246 1156 6a.

184 1586 243 1619 72.

186 1760 246 1793 8a.

270 806 350 847 eius,
376 812 458 845 quae
483 802 561 835 feeit

270 862 340 885 eum
367 852 444 885 Sion
470 851 546 891 filia,

271 910 354 942 quae
377 902 519 933 mactata

273 952 344 981 erat
367 949 601 991 temporaliter,

272 998 331 1030 secl
356 998 420 1030 iam
445 997 528 1029 vivit
550 997 583 1028 in
607 997 704 1029 caelis

274 1054 345 1077 eum
373 1045 500 1078 Christo
526 1045 771 1085 perpetualiter.

272 1122 341 1156 Fae
368 1131 484 1163 aquam
508 1122 670 1165 mundam,

271 1179 435 1203 excussam
464 1170 624 1210 quondam

271 1219 311 1251 de
336 1222 431 1259 petra
455 1226 515 1257 per
539 1219 674 1259 virgam.

268 1276 326 1299 nos
352 1269 484 1308 gustare

270 1324 340 1347 eum
368 1313 514 1355 perfecta
538 1313 613 1356 fide,

268 1366 404 1404 peccata
431 1361 552 1394 deflere

271 1412 408 1444 contrito
435 1411 542 1453 eorde,

268 1469 384 1500 agnum
406 1459 551 1499 typicum

269 1506 434 1540 ferventer
458 1516 517 1539 nos
543 1516 669 1542 vorare.

269 1585 358 1617 Audi
383 1593 451 1624 nos,

269 1642 342 1665 nam
368 1636 401 1665 te
426 1632 585 1673 virginum

270 1690 408 1722 sponsus
432 1683 507 1712 tuus
530 1681 678 1715 honorat.

272 1759 343 1791 Fae
367 1757 489 1791 fontem
512 1758 605 1790 nobis
631 1760 754 1800 gratiae

268 1816 393 1839 necnon
421 1807 569 1839 caelestis
595 1809 732 1848 praemii

270 1854 411 1887 fructum
436 1853 590 1898 adfluere,

877 1123 938 1157 6b.

875 1587 935 1620 7b.

879 1762 938 1796 8b.

963 806 1125 847 quondam
1150 804 1185 836 in
1209 805 1293 846 lege,

963 854 1020 886 sed
1046 861 1133 885 nuno
1158 852 1314 884 ecelesiae

961 901 1174 942 triumphanti

964 951 1073 982 datum
1099 949 1320 983 aeternaliter.

961 998 1032 1030 Fac
1056 1007 1125 1040 nOS,
1155 997 1294 1038 Christe,
1323 997 1453 1029 caelesti

963 1055 1048 1086 pane
1074 1054 1203 1085 semper
1230 1045 1327 1086 digne
1352 1045 1455 1078 refici.

964 1123 1010 1156 Es
1036 1124 1111 1164 igne
1134 1123 1234 1165 laesa,

964 1170 1103 1204 fustibus
1127 1179 1229 1213 caesa,

964 1218 1149 1252 mammillis
1176 1222 1328 1259 cremata,

964 1270 1138 1308 macerata,

962 1317 1055 1348 uncis
1079 1317 1234 1356 lacerata,

965 1365 1087 1398 Christi
1112 1363 1292 1406 Nazaraea,

964 1412 1080 1445 faculis
1106 1412 1238 1444 tandem

960 1464 1033 1493 usta
1057 1459 1224 1500 flammeis,

963 1519 981 1542 o
1010 1509 1114 1542 duleis
1138 1508 1315 1542 Dorothea.

964 1587 1062 1620 Salva
1086 1596 1155 1630 nos,

962 1636 1064 1677 virgo,
1091 1645 1150 1677 pro
1177 1636 1292 1676 quibus

962 1687 998 1716 te
1021 1684 1161 1725 supplex
1187 1685 1292 1716 clerus
1317 1688 1399 1718 orat.

965 1762 1013 1795 Ut
1035 1762 1153 1794 haustu
1178 1761 1359 1801 sapientiae

966 1811 1128 1850 possimus
1153 1810 1343 1843 transitoria

970 1862 1087 1891 cuncta
1111 1866 1276 1899 respuere,

559 1934 591 1966 9.
617 1934 720 1966 Tuam
745 1937 949 1976 praeclaram
977 1937 1075 1969 vitam

618 1983 772 2022 operibus

617 2030 740 2064 imitari

617 2080 802 2121 sanctisque
826 2081 969 2122 aequari,

620 2130 696 2167 post
719 2131 856 2160 mortem
882 2130 917 2162 in
944 2130 1076 2162 caelesti
1102 2130 1206 2171 gloria

621 2184 691 2207 eum
717 2176 840 2210 honore
867 2179 1024 2212 coronari.

249 2240 334 2268 Miss.
366 2248 420 2268 ms.
455 2240 675 2270 Cremifanense
706 2251 783 2270 saec.
816 2242 860 2271 15.
902 2244 972 2273 Cod.
1005 2245 1201 2274 Cremifanen.
1232 2243 1288 2274 339
1310 2247 1345 2275 A.
1366 2263 1405 2266 —
1424 2249 1510 2278 Miss-

173 2279 203 2308 S.
224 2279 360 2307 Floriani
381 2287 457 2307 saec.
481 2277 526 2307 14.
565 2280 636 2308 Cod.
659 2280 689 2308 S.
710 2281 845 2310 Floriani
865 2283 910 2311 XI
931 2282 987 2312 389
1011 2286 1042 2313 Β.
1063 2298 1102 2304 ——
1121 2284 1206 2312 Miss.
1228 2294 1281 2312 ms.
1296 2286 1513 2317 Walthusense

173 2327 251 2347 saec.
274 2316 319 2346 14.
362 2317 432 2347 Cod.
452 2318 576 2346 Lineen.
598 2321 627 2347 Γ
642 2329 670 2355 p.
691 2317 738 2348 23.
761 2320 791 2348 C.
814 2337 851 2341 —
871 2322 957 2350 Miss.
980 2332 1033 2351 ms.
1054 2324 1236 2351 Pataviense
1257 2332 1334 2352 saee.
1358 2324 1403 2354 15.
1439 2326 1510 2356 Cod.

172 2357 322 2386 Hilarien.
343 2358 394 2386 LI.
409 2357 447 2385 D.
468 2372 506 2376 —
525 2358 610 2385 Miss.
632 2367 686 2386 ms.
698 2358 849 2396 Pragense
863 2359 898 2396 (2²)
909 2370 988 2389 saec.
1006 2360 1051 2390 15.
1074 2361 1146 2389 Cod.
1161 2362 1287 2398 Pragen.
1302 2364 1364 2393 XII
1375 2365 1401 2393 A
1417 2364 1461 2394 18.
1473 2367 1512 2395 Ε.

254 2395 279 2431 1,
302 2395 318 2424 1
339 2397 405 2425 Ave
432 2396 620 2434 praefulgens
641 2397 706 2425 AD.
733 2414 771 2416 —
799 2396 851 2433 2a,
875 2397 892 2427 5
917 2400 966 2428 fae
993 2401 1070 2428 clare
1091 2402 1162 2437 post.
1181 2405 1306 2430 mortem
1326 2413 1382 2432 nos
1405 2406 1443 2438 A3
1464 2406 1512 2435 fae

174 2445 230 2464 nos
250 2438 320 2472 posi:
341 2438 467 2464 mortem
486 2435 567 2464 clare
585 2436 649 2464 BD.
670 2451 709 2455 -
730 2435 783 2471 21),
802 2436 816 2465 1
839 2439 921 2466 Vera
938 2439 999 2467 Dei
1018 2439 1052 2467 B.
1072 2453 1112 2459 ——
1134 2437 1189 2474 21),
1205 2438 1222 2468 6
1242 2451 1322 2470 nune
1335 2443 1411 2472 fehlt
1423 2446 1458 2472 A.
1474 2461 1512 2465 —

173 2473 227 2510 3a,
244 2474 260 2503 1
279 2475 323 2503 Te
343 2475 379 2503 A.
401 2491 439 2496 —
460 2472 514 2511 3b,
528 2473 549 2503 4
569 2475 691 2503 caelesti
710 2475 777 2504 luce
796 2477 831 2504 A.
851 2492 891 2496 -—
910 2475 965 2512 4a,
980 2476 1000 2506 4
1018 2487 1080 2506 non
1099 2486 1178 2506 vana
1197 2479 1238 2516 B;
1259 2490 1314 2510 nos
1328 2491 1409 2513 vana
1422 2484 1459 2512 D.
1474 2499 1514 2503 —
