1656 2690
752 143 1017 179 —287-

631 236 698 269 332.
731 237 775 269 De
796 238 917 269 sanctis
937 237 1147 270 patriarchis.

698 309 731 342 1.
758 309 916 342 Laetetur
941 310 1080 343 ecclesia

223 373 284 407 23.
313 373 474 406 Recolens
502 374 672 408 sollemnia

314 421 577 455 Patriarcharum
605 423 668 467 dia,

225 500 286 532 3a.
313 498 358 530 Hi
383 500 497 532 mundi
524 501 643 541 prioris

312 546 396 579 Olim
423 549 538 581 stellae
564 549 733 590 caligantis

223 623 284 659 42.
311 624 480 658 Abraham
507 626 610 667 prolis
636 636 756 667 parens

313 672 426 706 Stellis
453 677 660 715 comparatae

224 750 243 782 5
256 758 286 784 a.
313 750 387 795 Hic,
415 760 515 792 super
530 754 651 784 struem
670 753 764 785 Isaac
782 752 855 784 dum

312 797 459 831 immolat
484 799 659 842 victimam,

309 845 344 878 in
371 845 501 879 Christo
527 847 714 889 praesignat

223 924 284 957 Ga.
312 921 411 956 Iacob
437 924 564 957 luctans
591 934 663 957 cum
688 923 791 958 fratre

311 972 346 1003 in
371 972 486 1004 matris
513 973 691 1005 visceribus

225 1049 286 1082 ¹7a.
312 1048 364 1081 De
389 1050 479 1082 scala
503 1050 606 1090 prolis
630 1059 708 1083 suae

312 1096 516 1138 quadrifaria

314 1146 490 1179 collectura
515 1146 704 1188 praesignat

312 1194 416 1226 crucis
439 1194 605 1235 mysteria,

227 1270 287 1304 83.
313 1270 406 1303 Haec
431 1274 481 1303 est
506 1272 664 1304 ecclesiae

927 502 987 536 3b.

925 628 987 661 4b.

927 752 987 787 5b.

926 926 986 961 eb.

928 1050 987 1083 7b.

926 377 985 410 ab.
1011 377 1231 418 Concinatque
1256 373 1399 420 [gaudia]

1015 425 1119 459 Simul
1144 425 1226 457 caeli
1249 425 1348 458 curia.

1014 502 1146 535 Dabant
1170 510 1260 542 spem
1287 502 1418 534 maioris

1015 551 1099 583 Solis
1124 558 1202 582 vere
1227 550 1437 585 coruscantis

1014 626 1209 670 spondetur,
1238 626 1330 659 exsul
1354 635 1473 667 parens

1014 675 1109 708 Fidei
1134 674 1302 715 probatae.

1014 751 1253 794 Infiliationem‚
1280 751 1368 784 Deus

1016 810 1079 841 qua
1104 801 1199 841 pater
1223 800 1365 840 genitum

1014 848 1170 889 populum
1196 848 1343 887 adoptat.

1013 923 1142 958 Proelia
1167 924 1343 957 electorum

1014 974 1123 1015 signat
1146 975 1243 1013 atque
1269 973 1438 1007 malorum.

1015 1050 1107 1090 Quod
1132 1049 1250 1091 oriens,
1277 1050 1440 1091 occidens,

1013 1101 1132 1135 auster,
1159 1097 1280 1140 aquilo,

1013 1146 1089 1179 dum
1114 1145 1356 1188 praedicantur,
1385 1150 1495 1188 partes

1013 1195 1092 1227 dent
1117 1193 1179 1226 Dei
1205 1194 1335 1235 populo.

924 1273 985 1307 8b.
1012 1274 1119 1306 Causa
1143 1271 1298 1317 laetitiae,

566 1341 597 1374 9.
627 1340 673 1374 Ut
698 1339 788 1373 Deus
813 1350 872 1373 nos
900 1349 971 1372 cum
996 1340 1046 1372 his
1073 1339 1223 1381 patribus

626 1389 815 1421 emendatos
840 1388 985 1421 moribus

624 1437 711 1469 locet
734 1436 769 1469 in
796 1437 1002 1472 caelestibus,

289 1502 370 1530 Orat.
400 1512 454 1531 ms.
484 1502 650 1539 Oampense
676 1503 748 1530 anni
777 1501 860 1532 1462.
902 1501 973 1531 cod.
1001 1503 1222 1532 Darmstadien.
1254 1502 1320 1532 521.
1348 1519 1387 1524 —
1412 1503 1464 1539 61),
1486 1503 1504 1532 2
1527 1507 1558 1532 et

212 1541 368 1569 malorum,
390 1557 426 1562 —
447 1541 501 1575 710,
524 1539 542 1570 3
564 1550 607 1578 sq.
630 1542 702 1570 dent
722 1545 831 1578 partes.

652 1635 720 1668 333.
751 1636 795 1668 De
816 1634 936 1670 sanctis
957 1637 1125 1677 Reliquiis.

717 1709 748 1742 1.
775 1709 862 1742 Laus
887 1710 991 1742 honor
1016 1710 1060 1742 sit

222 1778 283 1810 23.
309 1776 385 1809 Eloi
412 1777 647 1818 cunctipotenti

310 1825 344 1858 in
371 1828 558 1858 sanctorum
584 1826 699 1867 gloria.

221 1895 282 1927 3a.
307 1892 443 1926 Gratam
469 1894 623 1935 pietatem

308 1942 432 1975 tribuat

307 1990 543 2024 sanctificando
569 1992 671 2025 corda
693 1996 726 2025 et

306 2044 420 2073 nostra
446 2049 593 2082 corpora.

217 2110 279 2143 4a.
308 2108 475 2151 Supernus
502 2109 619 2142 adoret
641 2110 747 2143 almus

304 2158 422 2191 chorus
448 2161 647 2199 cunctusque

304 2207 457 2248 populus,
484 2207 563 2248 alta,

302 2254 479 2298 profunda,
505 2259 643 2297 montes,
669 2253 813 2299 flumina,

213 2326 274 2358 5a.
300 2325 411 2366 Atque
438 2324 609 2357 dulcisona

303 2382 367 2407 vox
392 2373 547 2406 virtutum
574 2382 693 2406 sonora

301 2425 414 2456 nostra
440 2422 617 2455 concordet

302 2469 382 2501 odas
409 2471 556 2503 canendo
583 2471 723 2504 debitas.

924 1895 986 1930 3b.

921 2324 983 2360 5b.

923 1778 984 1813 2b.
1012 1777 1080 1814 Nos
1106 1776 1303 1818 vocibusque
1327 1780 1490 1810 tonantem

1012 1827 1182 1860 laudemus
1208 1825 1240 1858 in
1267 1835 1429 1867 suprema.

1012 1895 1067 1929 Illi
1094 1895 1202 1938 decus,
1231 1893 1346 1938 virtus,

1011 1944 1061 1976 cui
1087 1944 1149 1977 iam

1011 2002 1097 2026 nunc
1122 1992 1272 2024 intonant
1296 1992 1470 2032 praeconia

1011 2042 1080 2083 regi
1105 2040 1229 2073 inclita.

921 2110 982 2144 4b.
1007 2110 1138 2144 Caelum
1163 2114 1196 2140 et
1221 2107 1331 2141 sidera
1356 2118 1486 2151 semper

1010 2158 1176 2192 Christum
1201 2156 1387 2199 Dominum,

1010 2206 1178 2240 laudantia
1201 2214 1262 2247 per

1010 2254 1140 2289 saecula
1164 2255 1283 2289 omnia.

1010 2324 1197 2364 Cunctaque
1223 2327 1421 2365 concrepent

1009 2375 1040 2405 et
1066 2373 1229 2406 laetentur
1253 2372 1351 2413 plene

1009 2422 1070 2454 hac
1096 2421 1150 2454 die
1174 2430 1266 2453 sacra

1007 2470 1092 2503 Elon
1119 2470 1286 2502 laudando
1312 2469 1454 2504 condita.
