1656 2690
231 231 292 263 3a.

230 483 291 513 422.

230 784 290 815 5a.

231 1375 292 1406 6a.

228 1821 286 1853 7a.

227 2028 287 2061 Sa.

321 230 367 262 Te
392 230 520 270 plenam
549 230 614 263 fide

322 278 399 309 almi
425 279 609 318 pneumatis
635 280 744 313 virore

321 335 421 366 agnus
449 327 535 359 vitae
560 328 765 367 perlustrans

317 375 438 406 amictu
462 376 595 408 velleris

317 422 368 454 sui
394 426 594 457 contexerat.

316 481 366 513 Tu
391 491 508 523 agnum
535 492 645 515 verum

319 529 517 570 baptismate
542 534 657 564 renata

322 587 355 610 es
382 579 578 623 amplexata,

321 628 475 660 marmori
499 629 662 668 praeduro

318 675 464 708 victricis
491 677 644 710 vexillum
672 677 776 708 crucis

316 724 509 759 invocando.

318 781 405 814 Hinc
430 782 580 822 gentibus

316 832 430 870 stupor
456 830 619 873 adcurrat,

315 887 388 911 nam
416 879 497 910 haee
522 878 614 919 virgo

318 930 355 959 ut
379 927 448 959 ovis
473 927 632 967 perdurat

316 976 402 1007 inter
427 974 616 1008 frendentes

318 1024 423 1066 lupoS,
451 1033 511 1056 nee
535 1028 644 1056 tamen

317 1072 462 1112 ipsorum

320 1121 490 1161 voragines
516 1121 679 1164 abhorret,

318 1170 377 1201 sed
404 1169 493 1201 claro

318 1217 444 1259 plectro
472 1217 580 1250 cordis
607 1220 640 1249 et
665 1217 731 1250 oris

316 1275 398 1307 agno
424 1275 482 1298 suo
509 1268 642 1298 cruento

318 1314 455 1347 colludit
478 1314 650 1355 ipsumque
674 1313 829 1354 sequitur.

317 1374 396 1414 Fae,
425 1373 544 1404 clamat
568 1374 672 1412 pater,

318 1431 347 1464 o,
375 1430 504 1463 quaeso,
529 1429 672 1461 praeses,

318 1470 414 1502 ista-m
441 1470 653 1501 rebellantem

319 1522 429 1551 natam
454 1527 568 1560 meam,

320 1567 483 1600 Christum
510 1567 726 1607 adamantem,

316 1624 376 1656 per
399 1616 512 1651 minas,
541 1617 703 1647 tormenta

314 1673 375 1696 nee
400 1673 464 1696 non
486 1663 618 1704 flagella

317 1713 449 1745 numina
473 1715 587 1745 nostra

316 1761 475 1804 venerari,
503 1770 577 1792 nam
605 1760 685 1792 haec
710 1759 843 1799 sprevit.

313 1820 403 1853 Audi
429 1828 499 1861 nos,

314 1867 430 1901 florum
454 1866 526 1910 flos,

315 1927 376 1958 pro
403 1927 465 1958 quo
491 1917 572 1949 haec
599 1917 725 1959 cohors,

315 1977 333 1999 o
359 1967 509 2011 benigna,
537 1969 571 1998 te
595 1969 678 1998 orat.

315 2026 367 2059 Da
393 2025 516 2059 fontem
542 2025 773 2067 paenitentiae,

318 2075 360 2107 da
385 2084 531 2107 normam
557 2074 774 2107 abstinentiae

315 2127 412 2164 teque
440 2123 586 2164 diligere.

863 135 931 170 123
984 155 1028 159 ——

931 233 994 268 3b.
1023 234 1069 266 Te
1095 238 1189 274 pater
1212 238 1315 278 atrox,

931 485 991 519 4b.

931 782 989 815 5b.

930 1372 991 1406 6b.

930 1819 989 1854 7b.

929 2024 990 2059 8b.

1019 282 1118 315 Satan
1144 282 1256 324 fallax,
1284 283 1421 315 mundus
1448 293 1549 317 vorax

1020 330 1142 363 elidere
1170 332 1338 374 desudant,

1020 379 1115 411 mella
1141 380 1314 419 palliantes

1019 427 1099 458 artis
1125 428 1264 468 ingenio.

1020 485 1133 525 Tuque
1157 486 1190 517 in
1217 489 1306 517 turre

1020 532 1165 572 expolita
1190 534 1371 578 structuris,

1020 581 1095 612 dum
1121 581 1285 622 profiteris

1019 629 1120 661 trinos
1148 628 1218 662 fore
1242 639 1350 669 unum,

1018 676 1195 710 fenestram
1221 678 1370 710 adiecisti
1395 677 1514 710 trinam

1018 727 1092 756 voto
1118 735 1217 760 mero„

1016 781 1103 814 Hinc
1129 792 1245 815 novum
1272 784 1387 816 mirum

1016 830 1098 862 mire
1123 831 1282 872 graditur,

1017 879 1112 918 lupus
1138 882 1232 912 atrox

1017 927 1058 959 ab
1083 936 1166 969 agna
1192 928 1341 972 vincitur,

1017 975 1144 1019 stridet,
1173 975 1284 1008 fremit
1307 987 1346 1009 ae

1018 1027 1114 1066 rugit,
1141 1025 1293 1057 tenellam

1019 1077 1195 1113 peroptans

1019 1120 1177 1153 devorare
1202 1122 1354 1163 puellam,

1018 1168 1076 1201 sed
1102 1172 1223 1203 stratus

1018 1217 1058 1249 ab
1084 1217 1142 1250 illa
1167 1219 1333 1262 ingemuit,

1019 1269 1051 1297 et
1077 1266 1158 1299 haee
1182 1267 1273 1308 virgo
1300 1268 1438 1300 resultat

1017 1323 1099 1355 agno
1126 1324 1183 1347 suo
1211 1316 1291 1348 dans
1317 1315 1483 1349 libamina.

1018 1372 1088 1404 Fac
1110 1373 1191 1406 uber
1217 1374 1284 1406 eius

1017 1421 1170 1461 pudicum
1199 1421 1287 1454 ferro

1019 1469 1114 1502 evelli
1141 1479 1322 1511 corpusque

1019 1518 1208 1551 distractari

1018 1566 1107 1607 equis
1134 1568 1310 1608 adligatum

1018 1618 1178 1657 caputque
1204 1618 1357 1650 contundi

1017 1672 1157 1705 enseque
1182 1674 1278 1697 saevo

1015 1714 1236 1754 praecipitari.

1016 1761 1070 1793 Ad
1089 1770 1171 1802 quae
1188 1762 1279 1803 virgo
1300 1772 1400 1795 ovans
1414 1761 1557 1797 festinat.

1017 1819 1115 1852 Salva
1139 1829 1208 1863 nos,

1018 1868 1100 1900 caeli
1125 1879 1190 1912 rOS,

1016 1926 1096 1957 quos
1122 1921 1329 1959 peccatorum

1016 1968 1126 1999 vastus
1151 1968 1237 2000 livor
1264 1967 1410 2001 devorat.

1019 2025 1086 2065 Quo
1115 2026 1198 2058 dono
1224 2029 1300 2058 tuae
1322 2026 1448 2068 gratiae

1017 2073 1168 2107 ardorem
1195 2075 1317 2109 Christi
1343 2075 1452 2108 valeat

1017 2131 1107 2155 mens
1133 2126 1246 2156 nostra
1270 2124 1417 2166 induere,

658 2185 690 2217 9.
718 2182 959 2215 Christianismi
984 2180 1082 2214 fidem

721 2230 874 2270 operibus

725 2279 880 2312 redimire

722 2328 765 2361 ad
790 2332 897 2369 teque,
924 2338 999 2369 spes
1025 2333 1147 2374 nostra,

721 2380 798 2418 post
822 2377 910 2410 vitae
936 2386 1065 2410 cursum

723 2435 837 2458 secure

723 2484 824 2509 ovans
853 2478 951 2517 queat
975 2475 1125 2511 transire.
