1656 2690
701 116 968 150 —208-—

608 213 663 246 13.
691 213 759 251 Quo
785 213 852 245 vita

689 258 896 299 perfruamur
919 262 1025 295 beata.

253 335 342 363 Grad.
365 343 418 363 mS.
440 334 469 362 S.
491 335 649 362 Laurentii
669 335 702 361 in
722 335 840 363 Verano
855 333 891 371 (‘?)
907 344 984 363 saec.
1002 334 1045 363 11.
1077 336 1148 365 Cod.
1162 337 1288 364 Roman.
1303 333 1436 369 Angelic.
1453 329 1508 360 123

173 371 209 409 (Β
229 374 276 402 ΠΙ
298 372 352 409 18).
375 388 414 394 -
435 370 487 407 21),
501 371 516 399 1
539 372 685 401 Sortinus.
706 388 744 392 —
763 372 817 406 4a,
831 371 847 400 1
867 374 1035 402 levitarum.
1055 389 1092 394 —
1114 373 1165 409 5a,
1178 372 1193 401 1
1210 372 1346 408 populos.
1367 386 1405 390 —
1425 367 1508 405 72,3

173 413 310 448 pecunia.
333 427 369 431 —-
391 410 443 445 71),
466 409 481 438 1
503 411 568 438 hac.
588 426 628 430 —
645 409 698 445 8a,
718 409 738 438 4
757 412 887 439 inducia.
909 427 946 431 —-
967 409 1019 446 81),
1042 412 1057 439 1
1079 413 1172 441 rabie.
1192 425 1232 431 —-
1253 408 1306 441 81),
1328 407 1346 437 3
1367 417 1412 446 sq.
1431 410 1509 437 mira

174 451 333 486 superasti.
362 464 402 469 ——
434 447 504 483 lob,
525 448 545 477 4
566 452 647 478 astra
666 449 773 477 sidera.
805 464 844 469 ——
877 448 914 477 12
922 459 947 484 a,
970 448 988 476 2
1009 451 1089 478 hunc
1108 451 1192 479 fehlt.
1223 463 1257 468 —
1282 445 1353 484 121),
1374 445 1392 476 3
1413 448 1509 475 refera-

175 489 356 525 angelorum.

600 582 667 614 236.
699 581 743 613 De
762 582 871 613 sancto
893 582 1076 614 Laurentio.

186 654 204 688 1
221 664 249 688 a.
276 655 456 687 Laureatus
478 654 591 686 laurea
881 653 942 688 1b.
970 653 1145 686 Tormenta
1169 662 1230 694 per
1254 653 1349 694 ignea

273 703 407 735 Scandit
433 702 476 734 ad
501 703 655 735 aetherea
968 701 1035 734 Iam
1065 705 1257 742 consumpta
1279 701 1376 741 palea

274 751 388 793 Regna
414 753 521 783 terens
547 753 656 783 terrea
969 750 1074 782 Purus
1100 750 1202 782 intrat
1227 750 1344 781 horrea

323 799 521 832 Laudandus
547 798 750 831 Laurentius.
1016 798 1133 830 Levita
1158 798 1362 831 Laurentius.

187 877 248 909 2a.
276 875 458 908 Thesauros
484 875 680 915 pauperibus
882 874 943 908 21).
970 874 1057 914 Ignis
1083 873 1116 907 iu
1144 874 1317 907 ardoribus

272 923 349 965 Dat,
376 927 412 955 ut
436 923 468 954 in
490 923 682 955 caelestibus
968 923 1035 955 Vas
1062 922 1259 963 consumptis
1285 922 1436 954 sordibus

274 971 486 1003 Thesaurizet
512 971 638 1011 opibus,
968 970 1108 1003 Redolet
1132 970 1322 1012 liquoribus,

322 1019 521 1052 Laudandus
545 1018 749 1053 Laurentius,
1017 1018 1216 1051 Laudandus
1241 1017 1447 1052 Laurentius,

560 1097 591 1128 3.
619 1095 674 1127 Sic
700 1096 816 1127 assatis
843 1096 1003 1136 carnibus,

619 1143 674 1175 Sic
701 1144 843 1183 peractis
868 1143 1020 1184 precibus

622 1191 723 1224 Cenat
749 1201 818 1224 cum
847 1191 1040 1224 caelestibus

667 1238 784 1272 Levita
807 1240 1013 1274 Laurentius,

250 1306 335 1333 Miss.
356 1313 409 1333 me.
435 1305 618 1341 Hispalense
643 1313 720 1333 saec.
748 1303 822 1334 ¹⁴115.
865 1306 935 1334 Cod.
962 1305 1053 1333 Univ.
1082 1306 1205 1334 Ianuen.
1232 1306 1258 1333 A
1280 1306 1339 1333 VII
1359 1303 1385 1334 3.
1406 1307 1442 1334 A.
1470 1322 1508 1327 —

172 1345 256 1372 Miss.
277 1353 330 1372 ms.
353 1343 536 1379 Hispalense
558 1352 634 1371 saec.
658 1341 702 1371 15.
738 1343 809 1372 Cod.
836 1344 993 1372 Columbin
1023 1344 1180 1380 Hispalen.
1196 1341 1242 1378 83,
1260 1343 1296 1372 15
1310 1345 1344 1372 Β.
1364 1359 1403 1363 -
1422 1346 1507 1373 Miss.

172 1392 225 1411 ms.
249 1383 429 1419 Hispalense
450 1390 528 1410 saec.
553 1380 598 1409 15.
640 1381 710 1410 Cod.
734 1381 900 1411 Columbin.
921 1383 1078 1418 Hispalen.
1100 1380 1147 1416 85,
1171 1381 1214 1411 18.
1237 1382 1268 1410 0.
1291 1397 1327 1401 —
1348 1384 1432 1411 Miss.
1453 1393 1507 1412 ms.

173 1422 355 1457 Hispalense
375 1428 451 1448 saec.
471 1418 517 1447 15.
547 1420 617 1448 Cod.
633 1420 799 1449 Columbin.
814 1422 973 1458 Hispalen.
989 1421 1098 1455 Vitrin,
1122 1419 1167 1448 12.
1180 1422 1218 1450 D.
1239 1437 1277 1441 —
1297 1422 1382 1450 Miss.
1397 1422 1509 1459 Hispa-

173 1460 256 1487 lense
276 1460 346 1495 imp.
369 1458 491 1494 Hispali
514 1456 596 1486 1507.
617 1459 654 1487 E.
675 1474 713 1477 —
738 1457 788 1493 1a,
802 1458 820 1486 2
840 1461 962 1488 aethera
974 1459 1094 1487 ACDE.
1117 1474 1153 1478 —
1176 1458 1224 1495 la,
1240 1457 1258 1487 3
1271 1460 1378 1496 Regna
1394 1463 1509 1490 terreus

173 1501 271 1525 terrea
290 1498 357 1532 AB3
378 1497 484 1533 Regna
508 1500 613 1525 tenens
634 1498 670 1526 D.
700 1512 738 1516 -—
772 1496 825 1534 2a,
847 1496 865 1525 2
897 1501 932 1526 ut
950 1498 1025 1525 fehlt
1043 1498 1104 1526 AB.
1135 1514 1174 1518 ——-
1204 1497 1254 1532 2a,
1275 1495 1294 1526 3
1313 1499 1512 1527 Thesaurizat

173 1536 207 1564 A.
229 1551 268 1555 —-
289 1534 341 1571 2b‚
365 1534 383 1564 3
405 1544 447 1572 sq.
469 1535 570 1563 lauten
590 1538 623 1564 in
637 1535 758 1564 BCDEt
793 1537 887 1565 Sudat
906 1541 940 1565 ut
959 1536 1118 1565 sudoribus
1136 1535 1141 1572 Ι
1158 1538 1264 1566 Finem
1286 1537 1336 1565 det
1354 1538 1508 1566 laboribus

174 1574 235 1607 (det
255 1575 405 1603 actoribus
428 1574 497 1609 CD;
519 1574 702 1603 delatoribus
722 1573 768 1611 Ε).
792 1592 828 1596 —
849 1574 907 1604 Str.
929 1574 947 1604 3
967 1575 1064 1603 lautet
1083 1576 1117 1603 in
1138 1575 1258 1604 BCDE:

241 1620 296 1651 3a.
316 1622 432 1659 Epulas
454 1622 492 1649 ad
512 1622 631 1650 candidi
938 1622 991 1653 3b.
1013 1622 1065 1651 Sic
1083 1632 1138 1651 vas
1160 1626 1226 1652 auri
1246 1624 1337 1652 solidi

320 1661 432 1689 Cenam
453 1662 524 1697 agni
545 1662 664 1697 providi
1016 1662 1127 1698 Aptum
1149 1671 1221 1691 vero
1244 1663 1357 1699 iaspidi

321 1700 439 1727 Profert
459 1700 530 1735 agni
549 1700 657 1728 torridi
1018 1700 1166 1738 Angulari
1185 1701 1281 1738 lapidi

348 1737 531 1766 Laudandus
552 1739 743 1767 Laurentius.
1045 1739 1155 1768 Levita.
1174 1741 1365 1768 Laurentius.

173 1786 232 1814 Die
252 1785 458 1821 Halbstrophe
478 1783 521 1814 3b
542 1786 618 1814 fehlt
637 1786 777 1815 indessen
798 1788 828 1815 in
852 1787 940 1816 CDE.

612 1900 678 1932 237,
715 1900 754 1931 De
774 1902 882 1933 sancto
904 1902 1087 1934 Laurentio.

184 1980 201 2013 1
217 1989 246 2012 a.
274 1979 517 2013 Infiammemur
542 1981 583 2013 ad
610 1989 744 2022 agonem
881 1982 941 2017 1b.
969 1982 1037 2014 Nos
1055 1984 1096 2016 ad
1110 1985 1252 2024 palmam
1265 1994 1509 2028 praeparemus,

275 2028 523 2061 Contractantes
549 2030 730 2069 passionem
969 2030 1015 2062 Ut
1037 2031 1071 2063 in
1101 2032 1173 2073 ipso
1199 2042 1411 2074 properemus

320 2077 439 2110 Invicti
461 2077 640 2112 Laurentii.
1017 2079 1072 2112 Ad
1098 2090 1211 2122 agrum
1237 2084 1398 2124 martyrii.

183 2153 247 2185 aa.
275 2152 314 2184 In
340 2153 402 2185 hoc
427 2162 505 2193 agro
531 2154 695 2186 laureatus
881 2155 939 2191 21).
967 2156 1173 2197 Dispersisse
1199 2159 1374 2194 confitetur

273 2199 346 2232 Stat
371 2200 426 2233 hic
448 2203 573 2241 martyr
599 2204 631 2233 et
655 2204 788 2242 paratus
968 2204 1010 2237 Se
1026 2206 1208 2249 thesauros,
1230 2208 1306 2240 dum
1325 2212 1511 2254 torquetur,

321 2249 376 2281 Ad
403 2249 517 2280 mortis
543 2249 747 2290 supplicium.
1016 2254 1055 2286 In
1081 2264 1195 2288 manus
1223 2257 1398 2296 egentium,

186 2327 249 2359 3a.
276 2326 366 2367 Ignis
390 2325 478 2358 intus
505 2326 612 2366 ignem
638 2325 719 2359 foris
882 2330 944 2364 3b.
973 2329 1174 2376 GratuIatur,
1204 2334 1279 2365 dum
1306 2339 1444 2380 assatur,

270 2374 317 2407 Et
342 2377 515 2415 tyrannum
543 2375 590 2407 vis
616 2374 735 2407 amoris
966 2377 1051 2409 Dum
1080 2383 1251 2421 crematur,
1279 2384 1442 2419 exaltatur

321 2422 431 2456 Vincit
454 2423 488 2454 in
513 2423 700 2456 Laurentio.
1014 2426 1068 2458 Ab
1093 2427 1204 2468 iniquo
1231 2429 1344 2466 Decio.
