1656 2690
734 144 1001 180 —225—

217 243 279 274 9a.
306 242 414 274 Arida
438 242 555 274 dextra

304 288 489 323 vivificatur

305 337 417 371 morbo
445 341 603 379 cessante,

196 405 283 438 loa.
309 404 374 438 Pes
400 404 564 438 arefactus

309 462 455 493 gressum
480 454 699 495 recuperavit,

194 521 236 554 11
249 529 277 552 a.
306 522 412 554 Filiae
437 521 605 554 Landonis

307 572 495 602 contractae
520 579 649 611 gressus
678 570 785 613 datur,

191 638 235 670 12
247 646 277 670 a.
305 637 407 670 Mutis
433 646 550 677 sermO,

309 685 419 719 surdis
445 686 575 719 auditus

306 734 468 775 redditur,

309 785 342 814 et
369 781 486 815 debilis
512 784 656 816 sanatur.

304 850 450 882 Tollitur
475 849 657 883 latronibus

303 907 444 940 gressus,
473 906 639 940 quousque

305 946 490 988 restituant,

309 995 396 1036 quod
421 994 635 1028 sustulerunt.

189 850 234 884 13
247 858 278 883 a.

306 1062 374 1095 Nos
401 1062 572 1094 sollemnia

303 1111 366 1143 tibi
392 1110 594 1143 celebrantes

193 1063 237 1097 14
248 1072 277 1097 a.

303 1179 375 1211 Duc
401 1179 443 1210 ad
471 1186 684 1220 supernorum
703 1178 822 1219 gaudia

302 1227 345 1259 ad
371 1230 461 1259 tuum
489 1226 642 1259 honorem

921 241 982 276 9b.
1011 243 1205 276 Contractus
1231 251 1313 283 puer

1007 293 1155 324 movetur
1180 291 1276 332 plene

1008 339 1105 372 turba
1131 340 1302 374 clamante.

895 405 980 441 10b.
1007 407 1120 440 Caecis
1147 407 1248 440 visum
1276 405 1368 439 dedit

1008 457 1040 487 et
1063 454 1236 497 languores
1261 454 1398 489 sanavit.

1008 523 1054 555 Et
1079 522 1282 555 adulescenti

1006 573 1112 603 motus
1138 573 1359 611 recuperatur.

899 522 982 556 11b.

1009 637 1260 671 Confunduntur

1009 686 1227 726 detrahenteS,
1255 687 1310 728 qui

1005 735 1144 767 nocendi

1005 791 1041 815 se
1065 784 1149 814 teste
1176 783 1444 817 condemnantur.

895 638 980 672 121).

891 849 935 883 13
944 848 976 883 b.
1002 849 1138 889 Linguis
1162 850 1298 890 loquens
1325 850 1424 883 variis

1006 898 1143 930 daemon
1168 898 1310 938 Apulam

1006 945 1146 986 deserit3
1175 946 1237 978 hoc

1005 993 1100 1026 multi
1124 995 1288 1027 viderunt.

893 1061 976 1096 141).
1004 1062 1072 1095 Nos
1097 1062 1151 1094 hic
1174 1062 1301 1102 respice

1005 1111 1090 1143 cives
1117 1110 1337 1156 gubernando,

1002 1177 1135 1211 Donans
1162 1178 1269 1211 solida
1294 1177 1447 1221 suffragia

1003 1226 1189 1259 concivibus
1214 1228 1281 1259 tuis

302 1275 513 1316 exsultantes,
1005 1276 1182 1317 operando,

649 1343 705 1377 15.
732 1343 816 1376 Nam
845 1343 930 1376 diem

729 1391 905 1433 gloriosum
930 1389 1049 1425 fecisti.

253 1459 342 1487 Brev.
370 1468 423 1487 ms.
453 1459 677 1488 Salernitanum
702 1467 780 1487 saec.
808 1456 852 1486 15.
895 1458 966 1487 Cod.
997 1458 1093 1495 Capit.
1116 1458 1230 1487 Salern.
1258 1467 1282 1486 s.
1308 1468 1337 1487 n.
1365 1473 1404 1478 —-
1430 1457 1480 1494 22,
1503 1456 1521 1485 2

175 1497 319 1527 firmatus.
342 1515 379 1519 —
401 1496 453 1533 6a,
469 1496 487 1526 2
508 1506 610 1526 naves.
630 1511 669 1517 -υ-
689 1495 742 1532 8a,
758 1495 776 1525 2
797 1498 902 1525 vinum
923 1496 1060 1525 dominus
1075 1496 1200 1525 donans.
1222 1513 1261 1518 ——-
1282 1495 1333 1533 8b,
1350 1495 1367 1524 2
1387 1506 1431 1534 sq.
1445 1498 1522 1525 mira

174 1536 218 1565 fit.
238 1552 275 1557 -—
298 1535 351 1574 9a,
373 1535 391 1566 3
412 1538 547 1566 moi-ibus
567 1539 712 1565 cessante.
734 1552 769 1556 -
792 1533 830 1564 10
839 1545 864 1572 a,
887 1534 903 1564 1
923 1536 996 1564 Lies
1015 1535 1095 1565 Pede
1115 1536 1285 1565 arefactus?
1307 1552 1345 1558 —

619 1631 687 1664 259.
718 1631 762 1663 Do
783 1631 892 1664 sancto
915 1630 1072 1663 Manritio,

188 1705 205 1738 1
219 1714 248 1739 a.
277 1704 407 1738 Christo
433 1705 547 1737 laudes
569 1705 773 1737 exsolvamus

273 1753 320 1786 Et
346 1754 463 1786 devote
489 1753 669 1786 recolamus

323 1802 446 1835 Christi
471 1800 641 1836 beneficia.

182 1863 244 1896 2a.
273 1861 391 1895 Omnes
419 1869 495 1902 ergo
521 1861 723 1901 gratulemur

268 1910 315 1942 Et
335 1910 519 1951 praesentis
547 1918 738 1942 veneremur

319 1958 397 1992 Diei
423 1958 604 2000 sollemnia,

182 2019 244 2052 3a.
272 2018 297 2051 O
326 2027 421 2060 quam
449 2016 554 2050 dulcis
582 2026 657 2058 spes
675 2017 814 2059 piorum,

269 2067 295 2100 O
303 2076 398 2108 quam
405 2064 485 2098 felix
492 2062 675 2112 [mors]san
680 2069 814 2105 otor-um,

318 2116 343 2149 O
370 2125 465 2157 quam
493 2115 561 2148 vita
586 2115 711 2156 melior,

180 2177 243 2209 4a.
270 2174 344 2207 Hoc
369 2174 466 2207 beata
491 2173 576 2214 legio

269 2223 336 2256 Sub
365 2224 447 2256 duce
471 2221 629 2255 Mauritio

315 2272 381 2305 Sua
407 2274 513 2304 morte
541 2271 672 2313 docuit3

179 2334 239 2366 5a.
266 2330 461 2366 Maximiani
488 2330 637 2365 Caesaris

317 2389 450 2422 egressa
475 2380 639 2412 sententia

267 2428 425 2470 Proponit
450 2428 609 2461 militibus

314 2476 415 2510 foeda
439 2475 620 2520 sacrificia3

225 2538 346 2564 Blume,
365 2537 519 2565 sequentiae
535 2536 661 2561 Ineditae.
696 2536 727 2560 V.

885 1704 945 1737 lb.
972 1703 1064 1736 Nihil
1093 1703 1184 1735 deest
1208 1702 1242 1735 in
1268 1702 1394 1745 effectu,

975 1752 1054 1786 Cum
1081 1751 1228 1784 abundat
1252 1751 1286 1784 in
1311 1749 1430 1784 affectu

1023 1801 1171 1834 Laudum
1198 1799 1289 1833 dives
1316 1800 1437 1832 hostia.

884 1860 945 1892 2b.
973 1859 1075 1899 Quam
1100 1859 1271 1891 Thebaeas
1296 1857 1432 1900 legionis

972 1908 1076 1940 Victis
1101 1908 1216 1949 poenis
1242 1906 1402 1947 passionis

1025 1957 1223 1990 Consecrant
1248 1956 1415 1997 martyria.

883 2016 943 2050 31),
972 2016 1072 2057 Auro,
1100 2013 1244 2056 gemmis,
1272 2015 1482 2058 ornamentis,

974 2064 1105 2098 Cunctis
1131 2062 1243 2096 mundi
1268 2062 1501 2096 blandimentis

1022 2113 1134 2154 Longe
1158 2111 1351 2153 pretiosior!

885 2173 945 2206 4b.
973 2172 1209 2214 Argumentum
1234 2170 1325 2213 utile,

970 2221 1169 2261 Exemplum
1191 2219 1372 2259 laudabile,

1021 2270 1112 2311 Quod
1139 2269 1237 2302 morti
1263 2278 1328 2301 non
1356 2266 1471 2301 defuit.

883 2329 943 2364 5b.
970 2328 1060 2371 Ergo
1086 2328 1188 2360 sacris
1214 2327 1419 2368 sculptilium

1021 2377 1211 2419 polluuntur
1237 2375 1359 2417 miseri,

972 2427 1060 2459 Tura
1086 2428 1221 2466 ponunt,
1249 2424 1436 2466 supplicant

1021 2483 1111 2518 saiw,
1137 2474 1237 2516 ligno,
1264 2473 1371 2506 lateri.
