1656 2690
683 123 948 159 —222—

156 222 219 254 4a.
245 221 285 253 In
309 223 342 252 te
367 218 517 261 furentis,

244 268 277 299 in
302 268 358 300 via

244 324 337 356 quem
364 312 486 346 fossum

244 362 415 403 perculisti

243 420 322 443 voce
349 410 470 443 divina.

157 499 175 530 5
194 506 222 530 a.
250 497 300 529 Tu
327 496 490 530 Christum
516 505 693 537 pauperem

244 545 369 577 vestisti
395 548 491 584 parte
514 548 590 578 tuae

247 593 428 634 chlamydis
453 594 586 635 nudum,

157 681 219 715 oa.
246 681 344 714 Cuius
368 680 498 712 nomine
524 681 697 713 daemones

246 727 349 770 fugas,
376 729 586 768 paralyticos,

246 786 358 810 caecos
385 777 580 817 claudosque
606 784 711 808 curas.

161 865 219 898 ¹7a.
248 864 323 896 Tibi
347 863 461 903 globus
487 863 599 904 igneus

250 920 348 952 super
375 915 472 951 caput
496 919 658 952 apparens

247 961 367 992 clarum
394 962 426 990 te
451 960 567 1000 signat.

853 220 915 253 4b.
940 220 1076 253 Latroni
1103 219 1267 252 Christum

939 272 1053 308 postea

940 316 1134 356 praedicans

940 363 1031 405 regni
1058 363 1119 395 Dei

939 410 1020 444 facis
1047 413 1237 443 consortem.

856 496 916 530 5b.
944 497 1006 537 Qui
1030 497 1091 528 tibi
1115 498 1266 537 proxima

941 548 1039 578 nocte
1064 546 1122 576 tua
1145 547 1238 578 veste
1263 552 1299 575 se

941 594 1101 625 monstrat
1125 592 1288 624 indutum.

854 679 915 714 ob.
940 681 1055 720 Tuque
1079 682 1223 713 mortuos
1248 678 1393 710 homines

940 728 995 768 pie
1020 730 1086 759 tres
1108 727 1294 769 resuscitaS‚

940 775 1105 816 praesenti
1131 776 1243 808 reddis
1269 775 1366 809 vitae.

854 862 912 896 7b.
939 862 1018 894 Tuis
1044 870 1172 902 semper
1197 861 1359 903 precibus,

940 910 1113 953 poscimus,
1139 908 1242 942 facias
1267 919 1326 941 nos

942 961 1107 1001 compotes
1135 957 1275 998 Ghn'sto,

587 1045 619 1077 8.
647 1044 806 1077 Sacerdos
831 1044 892 1076 Dei
918 1052 1043 1085 magne.

227 1132 317 1160 Grad-
344 1140 399 1158 ms.
418 1131 589 1159 Mutinense
619 1139 695 1158 saec?
718 1128 763 1157 12.
805 1129 877 1157 God.
899 1130 995 1166 Capit„
1014 1130 1161 1158 Mutinen.
1182 1129 1206 1157 O
1227 1130 1243 1158 Ι
1260 1130 1285 1157 N
1311 1127 1356 1157 16.
1377 1130 1413 1157 A.
1442 1143 1482 1148 ——

151 1170 240 1199 Grad.
261 1179 312 1198 ms.
338 1170 499 1198 Parmense
520 1178 596 1198 saec.
620 1167 696 1198 14l15.
742 1167 812 1197 Cod.
836 1168 931 1204 Capit.
952 1169 1089 1197 Parmen.
1110 1177 1133 1195 s.
1154 1177 1182 1195 n.
1204 1169 1236 1196 B.
1259 1182 1299 1186 —

584 1319 651 1350 255.
686 1317 729 1350 De
749 1318 858 1350 sancto
878 1318 1048 1350 matthaeo.

160 1411 220 1443 1a.
247 1410 477 1443 Laetabundus

301 1460 415 1490 chorus
438 1457 580 1490 fidelium

251 1507 305 1539 Ad
331 1506 490 1539 Matthaei

298 1557 410 1595 surgat
433 1553 639 1593 praeconium

345 1602 499 1635 Laudans
525 1602 737 1643 apostolicum

345 1650 472 1684 Nomen
499 1648 717 1684 honorificum.

161 1749 220 1781 2a.
246 1748 400 1789 Magnum
428 1746 556 1780 Christo

294 1795 375 1828 fecit,
398 1796 591 1837 convivium²

249 1844 310 1883 Qui
335 1844 466 1877 veniens

298 1893 341 1925 ad
366 1892 560 1924 domicilium

250 1940 348 1973 Suum
373 1949 482 1972 secum

299 1990 418 2021 ducens
446 1989 613 2020 concilium

347 2036 521 2077 Epulatur.

163 2133 224 2167 3a.
250 2134 303 2165 Ad
332 2132 467 2165 cimeum

295 2180 396 2213 trahit
421 2181 582 2221 egregium

246 2230 389 2270 Aegrum
414 2228 495 2261 Levi

299 2285 418 2311 vocans
442 2277 476 2309 in
502 2278 634 2318 socium,

249 2326 309 2367 Qui
335 2325 477 2358 sentiens

299 2384 333 2407 se
358 2374 449 2416 prius
474 2375 616 2407 saucium

348 2422 571 2457 Lamentatur.

854 1408 913 1441 lb.
941 1409 1074 1442 Telonei

990 1465 1104 1498 gerens
1129 1458 1291 1498 negotium

941 1505 1040 1538 Lucri
1065 1504 1155 1537 favet

992 1553 1034 1586 ad
1064 1553 1270 1593 desiderium,

1039 1603 1138 1642 Quem
1146 1602 1277 1635 verbum
1287 1602 1481 1635 dominicum

1037 1648 1152 1682 Efficit:
1177 1650 1382 1684 catholicum.

854 1747 917 1779 2b.
944 1746 999 1779 Sic
1022 1745 1160 1779 infirmis

990 1797 1086 1836 parat
1110 1796 1288 1828 remedium

942 1843 989 1875 Et,
1012 1846 1147 1885 peccata

992 1895 1070 1924 tunc
1095 1892 1328 1932 paenitentium

942 1939 1078 1972 Pietatis

993 1996 1052 2029 per
1077 1987 1266 2021 beneficium

1039 2036 1237 2070 Medicatur.

856 2132 918 2166 3b.
944 2133 1189 2173 Recognoscens

991 2179 1153 2214 defectum
1179 2182 1346 2223 proprium

942 2229 1092 2264 Salutare

991 2278 1097 2318 poscit
1119 2278 1300 2311 subsidium

944 2326 989 2358 Et
1013 2326 1139 2366 recepit

993 2375 1079 2415 pium
1106 2375 1285 2415 donarium,

1042 2422 1110 2462 Quo
1136 2428 1279 2458 sanatur.
