1656 2690
700 138 962 173 -146—

178 239 237 271 5a.
267 236 408 277 Tempus
432 235 466 267 in
491 236 658 267 miraculis
871 238 930 271 5b.
958 237 1063 279 Clara,
1092 239 1180 270 clara
1205 236 1338 274 meritis,

260 284 333 317 Non
361 283 506 324 capescit
531 283 640 324 operis
962 285 1049 318 Clari
1076 286 1147 319 dari
1173 285 1300 318 miseris

306 332 351 364 Et
378 333 465 364 vitae
491 330 695 371 profluvium.
1007 334 1074 366 Ora
1098 334 1190 374 regni
1217 333 1380 375 gaudium.

239 389 356 421 Prosar,
379 397 432 417 ms.
447 388 681 416 Franciscanum
702 397 779 417 saec.
794 386 870 418 14Ι15.
906 390 976 418 Cod.
994 389 1119 418 Parisin.
1138 387 1212 418 1339
1242 390 1277 418 A.
1298 403 1336 408 —
1359 387 1502 417 Cantuar.

160 436 214 456 ms.
241 428 270 456 S.
300 426 405 456 Clarae
427 426 664 455 Crumloviensis
694 434 770 455 saec.
797 426 840 455 15.
869 437 914 456 ex.
955 428 1025 457 Cod.
1047 430 1174 465 Pragen.
1202 429 1264 457 XII
1286 428 1311 455 A
1334 426 1378 454 17.
1400 428 1432 455 B.
1464 440 1503 445 —

160 466 245 494 Miss.
278 474 331 493 ms.
363 467 594 494 Franciscanum
628 466 903 495 Amstelodamense
935 468 1007 494 anni
1039 465 1122 495 1531.
1169 467 1240 496 Cod.
1273 467 1422 494 Weerten.
1454 465 1504 493 Fa

162 503 189 532 7.
214 504 245 532 C.
266 519 303 523 —
328 503 376 540 1a,
398 502 416 531 2
437 512 525 539 quam
547 504 695 533 declaruit
716 505 751 533 B.
774 519 811 523 —
832 502 886 533 2a.
908 503 923 533 1
948 504 1040 533 Cuius
1056 506 1089 533 B.
1112 521 1148 525 —
1170 503 1225 540 21),
1246 504 1264 533 2
1282 505 1420 532 Praestet
1433 504 1500 538 AB3

161 543 306 571 Promisit
331 542 389 571 hac
416 552 469 580 pro
490 542 524 571 B.
545 558 582 563 —
608 541 658 576 4a,
680 540 698 571 2
720 543 781 572 Sub
804 543 929 572 honesto
950 545 1081 580 tegmine
1100 544 1134 571 B.
1166 558 1199 563 —-
1228 543 1373 572 Melodie:
1405 543 1504 570 Veni

160 585 291 610 sancte
311 583 483 618 spiritus.

633 646 693 678 162.
724 647 769 678 De
790 648 903 679 sancta
923 647 1026 679 Clara.

171 709 231 742 ia.
261 708 385 751 Gaude,
414 709 494 741 caeli
519 708 713 749 hierarchia,
869 710 931 744 1b.
959 709 1018 742 Cui
1046 710 1197 742 decantet
1221 709 1362 742 melodia

261 758 395 801 Plaude,
424 756 504 789 felix
531 758 678 798 ecclesia,
956 757 1066 799 Obori,
1095 758 1202 790 cordis
1229 758 1407 797 harmonia,

305 805 398 839 Novo
425 804 507 838 fulta
531 806 671 846 lumine3
1005 805 1122 839 Clarae
1148 806 1235 838 claro
1261 805 1416 847 germine.

173 874 233 908 2a.
260 873 352 905 Haec
378 876 427 906 est
451 882 526 906 rosa
551 874 740 914 venustatis,
867 874 926 907 2b.
954 873 1060 906 Iesum
1097 876 1201 906 mater
1237 874 1311 906 dum
1337 877 1501 914 precatur,

256 921 348 953 Fune
374 923 479 954 cincta
505 922 673 965 castitatis,
956 921 1131 954 Nascitura
1157 925 1440 962 praemonstratur

304 969 399 1002 Nova
424 970 577 1010 plantans
601 970 682 1002 lilia.
1003 969 1127 1002 Lumen
1152 969 1242 1002 orbis
1267 968 1348 1002 filia.

171 1037 230 1070 3a.
259 1036 409 1069 Gaudent
434 1039 523 1069 astra
548 1036 716 1079 matutina,
871 1037 933 1071 3b.
962 1036 1053 1069 Caeli
1079 1037 1169 1069 sidus
1195 1037 1391 1076 illustratur,

258 1084 348 1123 Quod
375 1086 407 1117 in
435 1085 514 1116 hora
541 1084 726 1125 vespertina
955 1086 993 1117 In
1021 1095 1083 1126 quo
1111 1088 1220 1118 terrae
1245 1085 1435 1126 designatur

311 1132 392 1165 Ortu
417 1133 492 1165 novi
518 1133 635 1165 sideris
1005 1133 1102 1166 Ortus
1132 1134 1207 1165 novi
1233 1133 1385 1167 foederis.

170 1202 234 1233 4a.
262 1200 348 1232 Vere
375 1200 462 1233 udus
487 1202 523 1233 tu
548 1200 763 1243 praeclarum,
867 1201 927 1236 4b.
957 1201 1007 1233 Tu
1034 1201 1120 1242 quod
1146 1200 1216 1233 sole
1241 1201 1285 1233 sis
1310 1203 1439 1247 amicta,

261 1248 351 1288 Quod
378 1258 397 1281 a
422 1249 491 1282 sole
517 1249 625 1282 differt
649 1258 763 1289 parum
959 1248 1063 1282 Carne
1089 1249 1208 1289 probat
1235 1249 1289 1281 hic
1314 1250 1431 1283 relicta

307 1296 349 1329 Et
377 1298 454 1329 luna
477 1297 628 1331 lucidius,
1005 1297 1101 1329 Lucis
1131 1300 1205 1330 tuae
1232 1298 1354 1331 radius.

163 1367 179 1396 5
199 1374 228 1397 a.
257 1364 370 1396 erucis
395 1365 485 1405 signo
511 1365 642 1396 morbus
670 1365 765 1404 cedit,
868 1365 928 1400 5b.
955 1363 1102 1397 Effluens
1130 1364 1247 1398 Clarae
1273 1366 1404 1400 claritas

263 1412 374 1445 Turba
400 1412 517 1446 Clarae
541 1421 658 1453 panem
685 1413 754 1446 edit
958 1412 1087 1445 Puellas
1112 1413 1175 1445 sibi
1203 1415 1344 1446 creditas

314 1459 434 1493 Christi
459 1460 508 1492 sui
534 1469 676 1493 munere.
1007 1461 1108 1494 Docet
1139 1460 1267 1495 Christo
1292 1463 1413 1496 vivere.

180 1530 235 1562 6a.
262 1528 299 1560 In
327 1527 528 1568 paupertatis
554 1528 670 1560 horreo
871 1528 931 1563 6b.
959 1528 1077 1561 Orbem
1104 1533 1240 1562 exornat
1265 1528 1419 1568 flosculis,

267 1575 377 1609 Turba
401 1576 476 1608 dum
503 1578 592 1609 caret
616 1576 698 1617 oleo,
960 1576 1108 1610 Lucerna
1133 1587 1266 1610 manens
1292 1581 1430 1612 saeculis

313 1623 379 1657 Vas
404 1624 534 1664 plenum
562 1625 650 1656 caelo
678 1625 784 1657 datur.
1009 1625 1046 1658 In
1073 1626 1162 1658 caelo
1189 1627 1377 1661 collocatur.

169 1692 228 1726 7a.
256 1691 330 1724 Illic
355 1692 525 1734 praeclare
550 1692 674 1730 rutilat,
870 1693 931 1727 7b.
958 1693 983 1726 Ο
1011 1703 1106 1734 quam
1133 1694 1222 1727 clare
1247 1698 1355 1735 peste<³
1374 1697 1497 1740 planat,

263 1739 420 1780 Sponsum
451 1741 619 1783 complexa
642 1739 760 1772 iubilat
957 1741 1200 1783 Languidorum
1230 1744 1339 1776 clades
1366 1749 1459 1778 sanat

308 1787 386 1821 Cum
412 1789 536 1830 virgine
561 1788 679 1821 Maria.
1006 1791 1135 1824 Tumuli
1164 1790 1355 1833 fragrantia.

169 1858 230 1891 8a.
256 1856 344 1897 Ergo
370 1857 484 1889 laudes
512 1857 628 1890 Clarae
652 1856 772 1900 demus,
870 1858 929 1891 8b.
956 1857 1002 1889 Et
1025 1868 1095 1901 nos,
1122 1861 1227 1891 mater
1253 1860 1397 1901 pietatis,

262 1905 390 1938 Claram
417 1905 505 1937 clare
529 1913 739 1945 personemus
958 1906 1037 1940 Cum
1063 1907 1172 1939 Maria
1196 1908 1325 1940 salvans
1351 1910 1452 1950 gratis

306 1952 399 1986 Novo
428 1952 515 1986 docti
541 1952 669 1994 gaudio.
1004 1954 1105 1996 Iunge
1131 1954 1192 1987 Dei
1220 1955 1297 1989 filio.

237 2009 376 2045 Sequent.
402 2018 455 2037 ms.
483 2009 512 2037 S.
543 2009 664 2046 Georgii
681 2009 877 2045 villingensis
903 2018 980 2037 saec.
1009 2008 1052 2038 15.
1095 2011 1165 2039 (jod.
1194 2011 1403 2042 Garolsrhflmn
1427 2015 1498 2043 Geo.

162 2046 187 2075 3
203 2048 238 2075 A.
261 2062 297 2066 —
318 2047 724 2076 Miss.ms.F1-ancis0anum
746 2056 822 2076 saec.
840 2045 884 2076 15.
906 2048 980 2077 Clm.
994 2049 1151 2078 Monacen-
1167 2048 1280 2079 23277.
1298 2052 1331 2080 Β.
1354 2068 1390 2073 —
1413 2055 1498 2082 Miss.

160 2095 212 2115 ms
244 2086 392 2115 Attilense
422 2088 493 2114 anni
521 2085 605 2115 1450.
638 2087 711 2114 Clm.
746 2087 901 2115 Monacen.
939 2085 1013 2116 3311
1059 2089 1088 2116 C.
1124 2104 1157 2107 —
1189 2091 1323 2119 Or.ati0n
1356 2101 1410 2120 ms.
1446 2092 1498 2121 SS,

160 2125 297 2154 Udalriei
327 2128 357 2152 et
381 2125 470 2153 Afrae
502 2127 572 2153 anni
604 2123 687 2153 1469.
714 2125 788 2153 Clm.
814 2125 969 2154 Monacen.
997 2126 1082 2156 3702.
1109 2128 1145 2156 D.
1177 2143 1215 2148 -—
1249 2129 1300 2164 lb,
1329 2128 1344 2158 1
1375 2132 1434 2166 Qui
1460 2132 1496 2167 Ο,

161 2163 300 2192 decantat
320 2163 353 2191 A.
379 2178 417 2183 -—
444 2162 495 2199 lb,
517 2162 535 2193 3
556 2164 646 2192 Clara
664 2163 701 2193 Α
731 2179 768 2184 —
794 2162 845 2198 2a,
867 2163 885 2191 2
908 2166 991 2194 Fune
1011 2167 1114 2195 iuncta
1133 2166 1221 2197 BCD.
1250 2184 1285 2188 —
1314 2167 1406 2205 211,1
1428 2171 1497 2199 Iesu

159 2203 281 2234 ABCD;
307 2205 474 2238 prostratur
495 2202 580 2231 BCD.
605 2218 643 2222 —
669 2200 767 2232 St1.3
793 2212 821 2230 11.
839 2184 862 2231 '4
882 2204 981 2232 fehlen
1003 2204 1087 2234 BCD.
1116 2223 1153 2226 —
1180 2204 1234 2241 3b,
1256 2206 1274 2236 3
1296 2208 1371 2237 Ortu
1398 2210 1428 2238 1.
1459 2225 1497 2229 --

158 2240 208 2276 5a,
231 2240 246 2269 1
280 2239 372 2278 Signo
402 2242 498 2269 crucis
519 2241 606 2270 BCD.
633 2256 669 2260 —
697 2246 748 2276 aa,
769 2240 787 2269 2
806 2242 926 2271 Turbae
945 2242 1003 2272 Bo.
1031 2262 1069 2265 —
1095 2244 1186 2280 51),1
1212 2247 1345 2274 Affluens
1366 2249 1430 2276 BD.
1459 2264 1496 2268 —

159 2278 248 2315 612,1
281 2280 390 2309 Urbem
412 2280 447 2307 A.
473 2294 511 2299 ——
538 2279 589 2314 71),
614 2278 730 2309 lclare
751 2283 883 2318 praestes
904 2282 938 2310 1.
967 2297 1004 2301 —-
1032 2283 1083 2320 71),
1106 2282 1124 2311 2
1145 2284 1265 2313 claudes
1287 2287 1494 2315 5111111111.-

158 2301 216 2348 Str.
238 2317 256 2348 8
277 2319 372 2347 lautet
390 2320 422 2347 in
443 2319 483 2346 A:

167 2362 212 2392 Sa
242 2363 309 2397 Eia,
332 2365 435 2397 mater,
457 2371 511 2390 nos
533 2371 670 2400 agnosce,
850 2362 904 2393 81).
928 2365 971 2394 Ut
991 2369 1143 2395 consortes
1165 2369 1235 2395 tuae
1257 2369 1345 2395 sortis

242 2384 334 2431 Libro
355 2404 437 2430 vitae
457 2410 511 2430 nos
534 2402 660 2438 deposce
928 2404 969 2432 Et
990 2413 1009 2432 a
1028 2407 1133 2443 poenis
1157 2407 1187 2433 et
1206 2414 1225 2434 a
1245 2408 1339 2442 portis

282 2442 355 2470 Cum
377 2442 479 2470 electis
502 2441 604 2474 inseri,
966 2444 1118 2472 Eruamur
1137 2444 1234 2473 inferi.

156 2486 202 2515 Ist
222 2487 288 2515 eine
308 2485 510 2521 Entlehnung.
530 2500 570 2505 —
590 2484 736 2514 Melodie:
758 2485 884 2515 Gaude
904 2486 994 2515 Sion
1016 2488 1112 2525 quod
1134 2496 1319 2524 egressus.
