1656 2690
674 122 939 158 —159—

152 223 214 255 32.
241 221 339 254 Iubet
364 221 447 254 enim
474 229 606 262 praeses
635 221 724 255 dirus

239 270 364 303 Mentis
390 271 485 311 inops
513 272 546 302 et
572 270 694 303 delirus

288 320 381 352 Vana
407 318 469 351 coli
494 319 646 362 numina3

152 399 213 432 4a.
241 397 337 429 Illum
366 397 486 430 docens
513 397 656 438 adorari,

241 445 342 478 Cuius
367 448 448 478 nutu
473 449 588 486 saepta
612 445 695 478 mari

286 494 399 528 Firma
425 494 547 535 pendet
573 494 676 538 arida,

153 575 213 608 5a.
242 573 352 606 Verba
377 573 465 605 vitae
490 575 622 605 sanctus
649 572 739 613 serit,

239 621 381 654 Praeses
407 619 500 662 furit,
535 623 683 654 sanctum
709 619 788 653 ferit

293 669 418 711 Capitis
442 669 614 703 sententia.

157 749 217 782 6a.
245 747 311 779 Per
336 746 471 780 eandem
491 747 639 781 Christus
658 755 786 778 manum

244 795 454 828 Sacerdotem
482 794 548 827 fert
573 794 740 827 Silvanum

293 845 372 878 Cum
398 843 499 876 levita
524 843 671 876 Romulo.

156 924 215 957 7a.
246 922 343 955 Cuius
369 930 468 962 prece
494 922 650 962 templum
677 920 752 961 ruit,

241 970 363 1012 Ruunt,
398 979 532 1011 quorum
562 971 697 1002 daemon
724 967 787 1001 fuit

292 1019 496 1059 Prolocutor,
522 1018 631 1059 idola3

158 1100 218 1132 8a.
243 1096 344 1138 Ergo,
373 1096 490 1137 quibus
518 1096 586 1128 dies
612 1096 675 1127 iste

244 1144 435 1187 Dedicatu1·‚
468 1147 533 1187 tua,
560 1144 699 1183 Christe,

293 1192 396 1226 Nobis
420 1193 569 1234 pandant
593 1193 687 1227 atria.

853 221 913 256 3b.
942 222 1006 256 Sed
1032 222 1174 254 invictae
1200 223 1251 254 vir
1278 222 1406 255 virtutis

942 271 1059 304 surdis
1086 280 1144 303 sua
1172 271 1222 303 dis
1250 273 1281 303 et
1307 271 1405 303 mutis

988 319 1139 361 Denegat
1163 319 1328 364 libamina,

852 397 912 431 4b.
940 398 1009 438 Quo
1035 398 1167 430 iubente
1193 397 1241 430 sol
1269 400 1301 429 et
1326 397 1403 430 luna

942 445 1022 478 Vico
1045 446 1140 479 nobis
1167 449 1351 487 opportuna

990 494 1079 527 Luce
1105 495 1210 527 nitent
1235 492 1372 536 fulgida.

855 571 914 606 5b.
942 572 1093 606 Fratrem
1109 572 1210 616 cuius,
1230 572 1335 605 virum
1352 572 1483 613 iustum,

943 620 998 653 Sic
1021 619 1147 653 inflicta
1171 630 1259 653 mors
1286 621 1466 655 Venustum

990 669 1091 711 Rapit
1116 669 1159 702 acl
1185 669 1348 702 caelestia.

855 746 915 781 6b.
942 747 1003 780 His
1029 747 1201 779 adiunctus
1227 746 1441 787 Hermogenis

944 794 1130 828 Collocutur
1154 795 1188 826 in
1215 794 1357 828 amoenis

992 843 1070 877 Cum
1098 842 1195 876 felice
1219 844 1351 885 populo.

857 920 916 954 7b.
944 922 1042 962 Quem
1070 920 1229 953 inclusum
1256 920 1289 952 in
1314 921 1424 962 puella

942 968 1026 1001 Fide
1052 978 1166 1010 gerens
1194 969 1256 1001 Dei
1282 968 1369 1002 bella

991 1017 1127 1058 Depulit
1151 1017 1347 1051 christicola.

857 1094 916 1129 812.
943 1095 994 1128 lbi
1019 1099 1156 1136 regnant
1179 1096 1328 1135 laureati,

943 1143 1003 1185 Qui
1029 1143 1070 1177 ad
1097 1144 1172 1185 agni
1199 1146 1273 1176 sunt
1299 1144 1404 1177 vocati

993 1192 1126 1232 M35tici
1154 1192 1311 1226 convivia.

222 1279 312 1315 Trop.
342 1280 372 1305 et
398 1277 537 1315 Sequent.
564 1287 618 1306 ms.
641 1277 826 1306 civitatense
852 1285 931 1305 saec.
958 1276 1003 1306 14.
1046 1277 1116 1306 Cod.
1148 1277 1306 1306 civitaten.
1326 1278 1399 1306 LVI
1417 1276 1487 1314 (20).

143 1319 179 1347 A.
211 1331 249 1337 —-
281 1318 365 1346 Miss.
391 1325 445 1345 ms.
476 1316 660 1345 civitatense
689 1324 765 1345 saec.
797 1314 841 1343 14.
884 1315 954 1344 eod.
985 1315 1143 1345 Civitaten.
1165 1317 1279 1345 LXXX
1305 1314 1362 1352 (13³
1393 1318 1427 1346 Β.
1449 1332 1488 1335 -

144 1357 235 1386 Grad.
261 1365 315 1384 ms.
337 1354 523 1384 Civitatense
544 1363 622 1384 saec.
646 1353 691 1382 14.
712 1356 753 1382 in.
796 1354 867 1382 God.
890 1355 1050 1383 civitaten.
1070 1355 1174 1383 LVIII
1204 1355 1236 1384 G.
1258 1370 1294 1374 -—
1317 1356 1407 1384 Grad.
1433 1365 1487 1383 me..

146 1397 331 1424 (livitatense
363 1402 440 1423 saec.
477 1393 520 1422 14,
562 1394 632 1423 Ood.
655 1394 815 1422 Civitaten.
842 1393 981 1422 LXXIX.
1003 1395 1041 1422 D.

144 1433 195 1469 8a,
219 1433 237 1462 2
259 1435 438 1462 Declaratur
453 1433 488 1461 A.

1122 1392 1175 1428 3b,
1198 1392 1216 1421 2
1237 1394 1294 1422 diis
1316 1394 1430 1423 ABOD.

582 1567 645 1601 179.
677 1568 721 1599 De
742 1567 855 1599 sancta
877 1565 1046 1599 Dorothea.

537 1658 567 1693 1.
594 1661 677 1700 Ave,
703 1659 885 1699 praesignis

594 1707 780 1748 margarita,

593 1755 697 1796 polita

595 1804 754 1837 castitatis
781 1804 861 1847 vita,

594 1852 769 1885 virtutibus
794 1851 919 1887 fulcita.

155 1934 213 1966 221.
241 1931 344 1975 Euge,
372 1931 442 1965 Deo
470 1931 578 1973 digna,

241 1990 323 2024 pace
348 1990 407 2013 nos
435 1981 600 2023 consigna,

244 2030 392 2063 veritatis
418 2031 538 2071 lumen,

244 2087 355 2112 verum
381 2079 483 2111 solem
506 2079 662 2123 iustitiae,

245 2126 299 2160 fac
326 2130 403 2169 post
427 2130 564 2160 mortem
590 2128 678 2160 clare

245 2186 304 2210 nos
330 2177 528 2212 illuminare.

151 2259 214 2292 3a.
242 2255 292 2288 Tu
319 2254 417 2296 plena
443 2253 521 2298 fide,

244 2304 393 2339 Christus
420 2304 467 2337 sic
493 2303 657 2338 stabilivit
681 2307 724 2346 te,

241 2358 278 2386 ut
302 2362 364 2386 nec
390 2354 493 2386 minas
521 2362 652 2386 curares

239 2410 300 2434 nec
324 2403 428 2435 hostis
454 2405 617 2436 tormenta
642 2411 742 2435 saeva

240 2450 448 2486 formidares.

858 1931 918 1965 2b.
945 1931 1057 1976 Virgo,
1085 1932 1155 1965 Deo
1182 1936 1268 1975 nata,

945 1981 1114 2014 Dorothea
1139 1984 1243 2023 grata,

946 2031 1133 2071 praeelecta
1160 2033 1194 2063 ut
1219 2030 1278 2070 sol,

945 2079 1082 2119 pulchre
1108 2079 1273 2121 refulgens
1298 2082 1335 2112 ut
1360 2080 1464 2123 sidus,

946 2137 1007 2169 per
1033 2131 1066 2160 te
1091 2129 1156 2161 sint
1182 2128 1294 2161 ablata

946 2179 1059 2210 nostra
1083 2187 1170 2210 nunc
1195 2183 1343 2218 peccata.

857 2255 918 2290 3b.
946 2256 984 2289 In
1008 2257 1097 2298 ligno
1122 2258 1208 2290 vitae

945 2305 1090 2339 salvator
1115 2306 1325 2339 subarrhavit
1350 2308 1384 2336 te

945 2354 1009 2388 sibi
1034 2364 1189 2398 sponsam
1214 2358 1374 2391 ornatam,

946 2412 1085 2436 coronae
1112 2404 1261 2437 caelestis
1287 2407 1375 2436 serto

948 2453 1146 2488 decoratam.
