1656 2690
758 133 1021 168 —183—

227 230 286 262 7a.
315 229 361 261 Te
387 237 516 271 quaeso,
542 231 639 269 patet·
662 231 768 273 unice,
925 233 945 265 7
953 231 983 263 b.
1011 230 1065 263 Ad
1092 231 1125 262 te
1151 228 1258 262 devoti
1285 226 1453 266 currimus,

363 278 388 311 Ο
414 277 510 309 beate
534 277 745 321 Hieronyme,
1058 278 1083 311 Ο
1109 276 1290 311 sanctitatis
1316 274 1492 317 vasculum,

313 326 368 358 Ad
395 328 428 357 te
454 326 630 358 clamantes
656 328 768 367 aspice
1010 327 1220 367 Hieronymo,
1246 328 1279 357 te
1304 331 1505 365 quaesumus,

362 374 407 407 Et
430 374 517 406 mala
542 377 635 414 peste
659 378 805 416 protege.
1058 374 1151 408 Affer
1175 374 1270 407 nobis
1295 372 1486 405 subsidium.

226 443 282 475 8a.
311 442 336 475 Ο
364 438 429 487 [tu]
459 442 574 474 devote
599 444 737 486 servule,
925 443 984 477 8b.
1010 443 1047 475 1n
1075 446 1259 475 sanctorum
1284 438 1513 481 splendoribus

362 490 487 522 Doctor
510 490 603 531 legis.
632 491 840 533 Hieronyme,
1062 490 1127 523 Uni
1153 491 1223 523 Deo
1251 490 1295 521 sit
1320 488 1434 529 gloria,

314 539 440 572 Adesto
467 547 553 571 nuno
578 539 723 579 piissime
1013 539 1073 578 Qui
1098 538 1290 578 Hieronymi
1315 535 1468 577 precibus

362 587 476 629 Nobis,
503 590 539 619 tu
565 590 658 627 pater
684 589 816 629 optime.
1059 587 1125 619 Det
1150 586 1243 619 nobis
1270 585 1353 617 caeli
1378 583 1506 625 gaudia.

295 653 378 682 offic.
405 662 458 681 ms.
488 654 766 689 Hieronymitarum
794 663 869 682 saec.
901 653 945 682 15.
986 653 1057 681 Cod.
1079 653 1204 682 Roman.
1228 652 1404 680 Casanaten.
1427 651 1449 679 13
1469 650 1498 677 V
1518 646 1555 678 33

213 689 299 727 (520).
322 707 359 711 -
380 690 431 727 3a,
453 690 472 719 4
492 692 646 720 doetrinae
666 693 755 721 hodie
774 693 835 729 (cfr.
857 690 911 727 31³,
933 691 972 727 4).
992 706 1031 710 —
1050 689 1107 726 4b,
1131 691 1145 719 1
1168 700 1211 728 sq.
1233 691 1331 728 gloria
1351 689 1482 718 caelesti.

634 784 702 817 206.
738 786 781 817 De
802 787 910 816 saneto
925 785 1127 823 Hieronymo.

606 856 637 889 1.
666 857 691 889 O
718 866 812 897 quam
839 856 1043 889 venerandus
1070 858 1120 887 est

665 904 833 937 Gloriosus
859 904 1061 945 1eronymus.

663 952 785 986 Christi
810 951 977 985 confessor
1003 951 1168 993 egregius!

227 1031 286 1062 Za.
314 1029 378 1061 Hic
404 1030 518 1062 doctor
543 1030 701 1070 veritatis,
924 1030 984 1065 ab.
1012 1030 1077 1062 Vas
1102 1029 1305 1070 humilitatis,

313 1077 507 1110 Destructor
533 1078 699 1121 falsitatis,
1012 1079 1101 1111 Rosa
1126 1078 1282 1120 caritatis,

365 1126 532 1159 Claritatis
558 1128 737 1167 speculum,
1062 1127 1228 1160 Castitatis
1254 1126 1371 1158 lilium.

224 1205 284 1238 3a.
314 1203 411 1236 Clara
435 1204 532 1236 stella
557 1203 763 1241 firmamenti,
923 1204 983 1238 3b.
1011 1205 1205 1245 veterisque
1229 1203 1415 1235 testamenti

359 1252 510 1285 Rutilans
534 1253 569 1285 in
597 1255 706 1295 caelis,
1058 1252 1250 1285 Translator
1272 1251 1388 1284 fidelis.

222 1332 283 1363 4a.
310 1330 376 1363 Hic
400 1329 480 1362 fidei
506 1330 686 1364 catholicae
921 1331 980 1364 4b.
1007 1330 1088 1363 Eius
1113 1330 1275 1371 sapientia

361 1379 481 1412 Planus
506 1379 698 1421 illustrator,
1060 1378 1164 1410 Lucet
1188 1387 1247 1419 per
1272 1378 1385 1410 mundi
1412 1378 1552 1419 climat-a,

314 1427 502 1460 Serviminis
530 1427 686 1462 ecclesiae
1010 1427 1072 1467 Qui
1097 1426 1201 1468 fulget
1225 1427 1259 1458 in
1286 1426 1424 1458 ecclesia

359 1475 487 1508 Primus
513 1476 683 1510 ordinator
1059 1475 1238 1516 Tamquam
1261 1475 1310 1507 sol
1336 1477 1368 1506 et
1391 1474 1478 1515 luna,

313 1524 612 1565 Sacrosanctaeque
637 1525 821 1567 scripturae
1010 1523 1053 1556 Et
1081 1524 1233 1564 splendet
1260 1523 1421 1556 catholica

359 1573 463 1605 Verus
491 1573 685 1607 declarator.
1060 1572 1190 1613 Ubique
1214 1571 1297 1605 fides
1322 1574 1444 1606 nostra.

221 1654 278 1685 52..
305 1650 386 1683 Eius
412 1650 516 1682 virtus
541 1648 660 1683 florida
923 1651 982 1684 5b.
1009 1650 1055 1683 Et
1081 1650 1230 1683 doctrina
1254 1650 1364 1682 lucida

359 1699 479 1740 Fulget
506 1702 582 1731 ante
607 1698 789 1743 Dominum,
1060 1699 1161 1732 Sonat
1170 1698 1551 1739 perlinguashominum.

221 1779 281 1812 6a.
309 1778 390 1810 Eius
417 1776 505 1809 fama
529 1776 673 1818 gloriosa
924 1777 983 1812 ob.
1010 1776 1091 1809 Eius
1117 1777 1238 1809 sanctis
1264 1776 1389 1808 meritis

361 1826 423 1859 Est
447 1826 482 1858 in
508 1826 606 1858 terris
633 1829 665 1858 et
689 1826 723 1858 iu
743 1826 852 1867 caelis,
1061 1825 1149 1858 Deus
1173 1826 1362 1867 honoratur,

310 1875 391 1908 Eius
418 1875 459 1907 de
483 1874 650 1907 miraculis
1013 1874 1057 1906 Et
1081 1874 1245 1907 laetantur
1271 1873 1379 1914 angeli

357 1924 513 1957 Exsultat
537 1922 631 1964 plebs
657 1923 775 1958 fidelis.
1058 1922 1203 1956 Mundus
1229 1923 1422 1957 illustratur.

211 2030 255 2060 ω)
286 1992 490 2060 ἓεὲῗεέιῖῌθῢ
510 1990 591 2019 Orat.
613 2000 668 2020 ms.
691 1991 856 2029 Oampense
876 1991 948 2018 armi
970 1988 1053 2018 1462.
1096 1990 1166 2019 Ood.
1188 1989 1409 2019 Darmstadien.
1430 1987 1496 2017 521.
1517 2004 1555 2009 ——

258 2054 264 2067 ‚
399 2040 415 2060 e
463 2052 469 2058 .

632 2125 698 2160 207.
730 2126 774 2158 De
795 2125 905 2157 saneto
926 2123 1126 2164 Hieronymo.

221 2200 238 2234 1
253 2209 282 2233 a.
311 2199 424 2232 Laude
441 2199 550 2242 lauda,
574 2207 652 2240 gens
672 2198 853 2239 slavorum,
926 2196 988 2231 lb.
1015 2198 1141 2230 Assunt
1165 2197 1279 2230 laudes
1307 2197 1494 2238 angelorum

310 2248 402 2281 Pium
429 2250 558 2289 patrem
582 2249 614 2279 et
637 2250 823 2290 patronum,
1012 2247 1122 2287 Atque
1149 2247 1235 2279 cives
1261 2254 1474 2287 supernorum

358 2298 536 2330 Doctorem
561 2297 779 2338 Ieronymum.
1059 2295 1226 2338 Migrante
1251 2296 1435 2335 Ieronymo.

221 2368 280 2399 2a.
307 2366 353 2399 Et
379 2366 523 2408 Cyrillus
549 2365 656 2398 Iesum
684 2369 820 2397 cernens
921 2364 982 2398 2b.
1008 2363 1179 2397 Salvatore
1204 2364 1374 2396 comitatus

309 2416 364 2448 Ad
391 2415 559 2448 dexteram
586 2414 749 2456 Ieronymi
1016 2412 1092 2446 Cum
1119 2422 1137 2446 e
1161 2414 1230 2446 vita
1254 2412 1293 2446 fit
1316 2412 1494 2445 translatus

358 2464 445 2497 Acta
469 2463 587 2505 pandit
610 2464 739 2507 gaudia,
1061 2462 1116 2495 Ad
1142 2464 1276 2495 aeterna
1300 2461 1429 2503 gaudia.
