1656 2690
671 125 936 162 —195—

150 224 207 256 4a.
235 222 300 255 Hic
327 223 395 256 sole
420 222 589 256 sublimius

239 271 335 304 Miris
362 271 466 313 fulget
488 271 614 304 actibus

287 319 410 353 Nostra
435 319 534 361 valle3

152 389 170 420 5
183 396 213 420 a.
241 387 303 421 Per
328 387 414 421 hunc
437 387 518 420 muti
542 389 701 432 garriunt,

237 435 360 474 Manci,
387 435 495 469 claudi
522 437 654 479 saliunt,

238 482 378 517 Lumina
405 484 560 517 deficiunt

287 532 370 565 Esse
396 541 503 566 caeca.

151 601 214 633 Ga.
241 601 310 642 lvo,
337 602 392 641 qui
417 609 553 634 munera

239 648 400 682 Procuras
427 658 557 690 supera,

288 697 355 737 Quo
381 697 578 730 reformatur

849 224 910 258 ab.
937 224 1072 258 Partum
1097 224 1193 265 parat
1216 222 1386 263 matribus,

938 274 1071 306 Portum
1097 271 1325 312 navigantibus

985 322 1087 354 Recto
1115 320 1206 354 calle.

851 389 913 425 510,
938 388 1124 421 Furibundi
1144 388 1285 428 sapiunt,

937 436 1029 470 Mors
1056 441 1088 469 et
1113 436 1215 469 morbi
1243 434 1379 476 fugiunt,

939 481 1091 530 Se[nsus]
1117 493 1152 517 se
1178 483 1329 517 reficiunt

988 533 1078 566 Caeli
1103 533 1208 567 theca.

851 601 912 635 eb.
939 599 1008 633 Nos
1031 608 1129 641 super
1155 599 1289 633 aethera

939 647 1030 681 Sumi
1054 650 1145 680 trans
1170 648 1279 680 sidera

985 697 1055 729 Fac
1080 704 1151 728 cum
1178 696 1303 736 virgine

335 754 413 786 gens
437 746 565 786 misera,
1036 752 1209 784 puerpera.

217 810 300 839 Miss.
327 819 382 838 ms.
410 811 593 839 Carnotense
618 819 695 839 saec.
723 809 800 841 14l15.
841 811 912 840 eod:
942 811 1103 840 Carnoten.
1129 807 1195 838 523.
1224 824 1263 829 -
1294 807 1348 842 221,
1372 807 1388 837 1
1414 817 1482 845 pro-

140 850 278 877 mittitur.
306 864 345 870 -
372 847 430 884 310,
454 847 472 876 2
498 851 593 879 nubes
619 850 744 878 radium.
771 865 808 869 —
834 847 892 884 31),
915 846 934 878 3
959 849 1044 878 Viae.
1070 864 1108 869 -
1138 846 1192 882 δε,
1216 847 1233 875 2
1257 848 1356 876 Manti
1382 847 1482 875 claudi

141 888 262 915 caliunt.
284 904 322 909 -—
343 885 397 924 5b,
412 886 430 917 3
451 897 484 917 se
505 889 652 917 resitiunt.
674 904 711 909 —-
731 888 863 918 Melodie
883 888 1049 917 natiirlieh:
1070 887 1344 915 Laetabundus.

529 982 599 1015 223.
630 981 675 1014 De
698 984 808 1014 sancto
829 981 950 1015 Karolo
970 981 1092 1023 Magno.

852 1054 911 1090 lb.
939 1055 1033 1086 Pium
1057 1054 1156 1086 lauda
1182 1051 1411 1092 confessorem,

939 1102 1037 1143 Legis
1063 1102 1124 1134 Dei
1152 1099 1354 1134 defensorem

989 1150 1118 1184 Celebri
1143 1148 1295 1183 melodia.

150 1054 168 1086 1
185 1062 212 1086 a.
239 1054 277 1087 In
305 1054 421 1087 Karoli
446 1055 555 1095 magni
580 1055 679 1087 laude

242 1102 339 1143 Voce,
369 1105 454 1144 voto,
481 1112 579 1135 manu
604 1103 725 1144 plaude

289 1150 421 1193 Regalis
448 1150 607 1192 ecelesia3

148 1219 208 1252 2a.
236 1218 420 1259 Imperator
444 1218 661 1252 Romanorum
851 1218 911 1252 2b.
938 1218 1121 1251 Ecclesiam
1147 1216 1344 1260 sublimavit,

235 1266 372 1299 Exstitit
399 1270 432 1299 et
458 1276 517 1300 rex
544 1267 745 1301 Francorum
938 1267 1033 1299 Hanc
1058 1266 1188 1299 adiutus
1214 1265 1408 1306 gubernavit

290 1314 350 1348 Dei
375 1316 593 1356 providentia.
988 1314 1108 1347 Divina
1132 1314 1290 1355 potentia.

149 1384 208 1416 3a.
238 1382 429 1424 Hispaniam
455 1383 641 1425 subiugavit
850 1382 910 1417 3bi
938 1382 1113 1416 Saxoniam
1141 1382 1318 1415 debellavit

239 1431 329 1465 Sicut
353 1432 443 1473 gigas
471 1437 503 1464 et
529 1431 654 1472 fugavit
937 1430 983 1463 Et
1007 1430 1050 1463 ad
1076 1430 1174 1463 fidem
1201 1430 1368 1463 revocavit

288 1481 417 1515 Cultum
442 1480 627 1514 idolatriae.
985 1479 1150 1512 Idolatras
1177 1478 1314 1519 patriae.

149 1549 212 1582 4a.
238 1548 343 1581 Matri
366 1548 488 1581 Christi
513 1547 594 1581 fecit
618 1548 745 1591 aedem,
849 1548 910 1581 412.
937 1547 1039 1586 Quam
1064 1557 1084 1580 a
1108 1556 1197 1587 papa
1222 1548 1444 1579 consecratam

238 1596 343 1638 Regni
368 1597 481 1630 sedem
505 1599 537 1629 et
562 1598 716 1630 heredem
938 1595 995 1629 Sui
1021 1595 1101 1628 facit
1129 1596 1316 1628 decoratam

285 1646 324 1678 In
351 1644 601 1687 magnificentia,
987 1643 1140 1684 Corporis
1167 1643 1365 1684 praesentia.

148 1714 208 1747 5a.
238 1715 316 1747 Post
347 1713 411 1746 hoc
443 1721 576 1754 regnum
602 1714 782 1754 temporale
851 1713 909 1746 5b.
937 1713 1011 1746 Hoc
1030 1712 1186 1752 imploret
1207 1713 1361 1751 princeps
1384 1712 1459 1752 iste,

238 1762 384 1804 Regnum
411 1762 501 1803 capit
523 1762 708 1794 immortale
938 1761 986 1794 Ut
1009 1769 1148 1801 regnare
1173 1765 1291 1804 tecum,
1319 1759 1459 1802 Christe,

286 1810 367 1844 Gum
391 1810 513 1843 sanctis
538 1811 572 1843 in
598 1810 718 1852 patria.
986 1809 1151 1843 Pessimus
1178 1809 1213 1841 in
1239 1808 1354 1850 gloria.

149 1879 209 1913 6a.
235 1879 342 1912 Amen
371 1878 459 1911 dicat
484 1879 548 1911 iste
574 1879 701 1920 chorus,
849 1878 907 1911 eb.
938 1876 1062 1911 Chorus
1088 1877 1151 1909 iste
1179 1877 1268 1910 dicat
1292 1877 1408 1921 Amen,

237 1927 283 1961 Ut
308 1936 428 1960 corona
452 1926 496 1960 sit
522 1927 658 1961 decorus
939 1926 986 1960 Ut
1009 1926 1186 1960 iucundum
1213 1928 1290 1966 post
1315 1934 1450 1958 examen

285 1979 324 2011 In
352 1976 484 2009 caelesti
512 1978 612 2012 curia.
986 1974 1149 2008 Decantet
1173 1974 1327 2007 Alleluia.

217 2044 306 2073 Grad.
333 2052 387 2073 ms.
411 2043 536 2072 Arnoldi
565 2052 642 2072 saec,
671 2040 719 2072 13.
745 2044 786 2071 in.
830 2042 900 2072 Ood.
929 2043 1024 2080 Capit.
1046 2041 1264 2080 Aquisgranen.
1285 2041 1354 2070 XII.
1378 2042 1413 2070 A.
1447 2056 1485 2062 -ε

137 2084 227 2113 Grati.
255 2092 308 2112 ms.
339 2084 584 2119 Aquisgranense
609 2092 686 2111 saee.
715 2079 761 2112 13.
803 2082 875 2111 Coc.
903 2082 1072 2111 Bruxellen.
1100 2081 1302 2118 Asenbergen.
1327 2079 1355 2110 9.
1382 2081 1417 2109 Β.
1446 2095 1485 2100 --

136 2123 285 2152 Melodie:
316 2122 542 2151 Hodiernae
562 2123 627 2151 lux
647 2122 732 2150 diei.

561 2227 629 2260 224.
660 2228 704 2259 De
729 2228 841 2260 sancta
863 2226 1060 2260 Katharina.

854 2301 916 2335 lb.
943 2301 1014 2334 Lac
1039 2303 1089 2333 est
1115 2300 1264 2334 doctrina

940 2351 1026 2391 lesu,
1055 2351 1186 2392 sanguis
1213 2348 1335 2382 Christi
1360 2348 1446 2390 vina,

942 2398 1057 2433 Oleum
1085 2399 1126 2432 de
1151 2399 1230 2432 Sina

942 2447 1006 2481 Est
1031 2448 1137 2488 gratia
1163 2447 1284 2481 divina.

1249 2501 1311 2532 13*

149 2302 167 2336 1
181 2311 211 2335 a.
237 2300 485 2341 Architriclina,

237 2350 369 2383 Summo
397 2350 438 2383 de
463 2349 554 2383 fonte
579 2350 720 2392 propina

238 2399 363 2444 Oleum,
390 2399 453 2439 lae,
479 2399 566 2442 vina,

237 2447 288 2480 De
313 2448 401 2481 trino
426 2448 524 2481 trina.
