1656 2690
219 606 284 639 4a.

220 771 281 803 5a.

218 984 275 1017 ea.

216 1148 277 1181 7a.

216 1313 276 1345 8a.

215 1478 275 1510 9a.

193 1643 237 1677 10
249 1653 278 1676 a.

189 1858 232 1892 11
245 1867 274 1890 a.

186 2074 230 2107 12
243 2083 272 2107 a.

737 130 974 165 ,77-

218 228 277 261 2a.
305 229 393 261 Ante
417 229 522 270 legem
546 229 757 270 praesignata

308 276 354 309 Et
378 277 413 308 in
439 277 510 317 lege
536 280 798 317 praemonstrata

358 324 457 365 Virgo
484 327 602 365 exstas,
629 324 747 359 Maria.

217 392 237 425 3
251 401 280 424 a.
308 391 405 424 Iacob
421 395 552 424 sanctus
566 393 690 425 hancin
703 393 822 425 somnis

305 439 434 473 Scalam
470 441 570 486 vidit,
606 450 665 481 per
695 451 791 482 quam

593 499 696 523 omnis

357 537 461 570 Nobis
488 539 577 571 venit
602 539 717 580 gratia.

310 605 399 638 Nata
423 606 538 650 patris,
565 610 669 638 mater
693 605 767 648 Dei,

310 653 391 694 Spes
418 657 451 686 et
475 654 563 686 salus
590 654 692 687 omnis
719 655 777 695 rei,

360 701 483 735 Cuncta
499 703 659 735 mundans
678 703 822 735 crimine.

309 769 410 802 Nulla
434 779 532 802 manu
556 770 641 810 lapis
666 779 787 810 parvus

305 818 369 851 Est
378 818 552 859 abscissus,
563 818 622 851 sed
633 827 724 850 mons
733 827 822 859 mag-

592 876 653 898 nus

360 914 470 948 Crevit
496 914 602 947 fracta
627 917 745 947 statua.

303 982 413 1015 Arbor
431 981 540 1015 ferens
558 981 700 1014 fructum
725 982 823 1025 vitae,

309 1031 408 1063 Porta
434 1032 553 1075 clausa,
580 1031 634 1063 via
657 1031 754 1070 vitae,

356 1079 454 1120 Origo
481 1079 681 1112 clementiae.

306 1147 331 1180 Ο
351 1156 448 1187 quam
465 1147 572 1189 pium,
600 1156 695 1187 quam
712 1155 822 1188 suave,

305 1195 472 1228 Gabrielis
499 1196 586 1235 quod
613 1204 674 1235 per
698 1196 771 1228 Ave

353 1244 505 1277 Donatur
530 1243 721 1277 remedium.

305 1313 345 1345 In
370 1312 502 1344 deserto
531 1320 570 1344 ac
596 1310 737 1343 frutecto

302 1360 426 1393 Manna
450 1361 542 1402 pavit
569 1363 666 1401 atque
692 1360 783 1400 pavit

351 1409 485 1442 Israelis
511 1409 684 1451 populum3

303 1477 402 1518 Virgo
427 1477 528 1509 verbo
549 1477 804 1520 impraegnatur,

302 1526 446 1559 Verbum
472 1525 536 1558 Dei
560 1526 757 1558 humanatur

350 1575 425 1608 Non
451 1574 540 1607 virili
567 1575 722 1616 germine.

306 1643 370 1676 Hic
381 1646 430 1675 est
443 1641 539 1675 fortis
548 1643 682 1675 vincens
692 1641 821 1683 fortem,

302 1691 443 1724 Nostrae
449 1691 563 1724 mortis
571 1691 683 1724 delens
691 1694 822 1732 sortem,

307 1740 488 1781 Degustans
503 1749 563 1780 pro
577 1740 671 1772 nobis
685 1742 821 1771 mortem

353 1788 419 1821 Sua
444 1798 503 1829 pro
531 1788 712 1830 clementia,

303 1857 400 1890 Scala
426 1857 519 1896 caeli,
547 1860 644 1897 porta
668 1857 756 1889 vitae

304 1906 425 1940 Pandit
449 1906 543 1938 nobis
568 1906 632 1938 iter
654 1905 753 1947 vitae,

305 1956 373 1996 Quo
399 1953 516 1987 refecti
541 1955 629 1997 ligno
657 1955 743 1987 vitae

349 2004 516 2037 Adeamus
543 2003 693 2045 patriam.

302 2122 368 2155 Ora
393 2124 531 2163 patrem,
558 2124 595 2154 ut
620 2125 747 2154 reatum

300 2170 415 2203 Solvat,
439 2170 551 2214 gratis,
578 2171 769 2203 miserorum

301 2220 413 2253 Nexus
444 2229 560 2261 graves
586 2223 796 2260 peccatorum

348 2269 407 2301 Pie
430 2270 507 2303 data
529 2269 640 2312 venia,

256 2336 327 2365 eod.
364 2337 502 2365 Vatican.
535 2334 612 2365 3087
643 2344 721 2364 saec.
755 2334 799 2364 13.
835 2352 840 2355 -

887 228 947 262 2b.

887 392 947 426 3b.

889 606 950 639 4b.

890 770 949 803 5b.

890 983 951 1017 6b.

890 1149 949 1183 7b.

887 1313 949 1346 8b.

888 1478 950 1512 9b.

863 1644 945 1678 lOb.

864 1858 948 1893 1110.

976 228 1001 261 O
1020 237 1113 269 quam
1134 228 1248 270 dulcis,
1267 237 1286 260 o
1304 236 1399 268 quam
1421 227 1487 269 pia,

974 277 1074 317 Quam
1101 276 1267 317 praedixit
1291 275 1474 316 prophetia,

1020 325 1112 357 Haec
1144 330 1193 357 est,
1216 327 1321 358 mater
1345 324 1469 356 Maria!

973 393 1061 425 Aula
1076 394 1160 434 regis
1179 395 1212 425 et
1220 392 1375 432 templum
1383 391 1514 424 Domini

975 442 1084 475 Vitam
1109 442 1250 474 reddens
1273 441 1435 481 perditam
1461 440 1517 472 ho-

1260 490 1350 530 mmi,

1024 539 1146 571 Nostra
1172 538 1283 571 delens
1310 537 1455 570 crimina.

978 606 1077 646 Virga
1101 606 1190 638 Iesse
1216 604 1309 637 dedit
1333 602 1455 646 florem,

977 654 1099 686 Nostra
1125 654 1214 694 virgo
1240 653 1436 685 salvatorem

1025 701 1102 734 Sine
1127 702 1189 734 viri
1215 701 1347 734 semine.

975 769 1092 802 Nullus
1117 771 1231 810 partus
1257 771 1307 800 est,
1330 769 1472 800 intactus

978 818 1050 850 Nisi
1076 818 1138 862 hic,
1167 827 1228 858 quo
1254 816 1343 849 Deus
1369 815 1475 848 factus

1022 866 1129 898 Homo
1154 866 1225 897 sine
1246 865 1383 898 macula.

978 982 1088 1015 Arbor
1101 984 1214 1022 mater,
1234 981 1367 1014 verbum
1383 979 1519 1021 fructus,

977 1031 1045 1070 Quo
1071 1034 1223 1072 peccator
1246 1032 1284 1061 ut
1308 1029 1462 1062 reductus

1026 1079 1141 1120 Carpit
1164 1079 1228 1110 iter
1253 1078 1386 1120 gratiae.

975 1148 1032 1180 Fit
1057 1156 1133 1180 mox
1158 1147 1250 1188 virgo
1276 1149 1380 1178 mater
1405 1145 1466 1178 Dei

978 1196 1107 1230 Prolem
1125 1198 1265 1238 gestans,
1285 1203 1345 1235 per
1363 1203 1458 1235 quam
1472 1192 1520 1225 rei

1024 1244 1121 1277 Vitae
1147 1247 1280 1284 captant
1306 1243 1471 1284 gaudium.

976 1313 1037 1345 Est
1065 1312 1229 1344 desertum
1256 1314 1288 1343 et
1316 1309 1490 1343 frutectum

975 1360 1074 1393 Plebs
1092 1359 1244 1392 Hebraea
1268 1368 1399 1400 semper
1422 1367 1489 1399 rea,

1024 1409 1124 1449 Virgo
1151 1417 1269 1440 manna
1293 1406 1464 1449 fulgidum.

977 1477 1136 1511 Creatura
1163 1479 1342 1508 creatorem

974 1526 1076 1567 Parit,
1103 1525 1194 1566 virgo
1217 1525 1414 1557 salvatorem

1024 1574 1144 1608 Nostro
1169 1574 1394 1616 medicamine,

974 1643 1144 1676 Sauciatus
1169 1643 1202 1674 in
1228 1643 1382 1684 iumento,

980 1691 1094 1725 Carnis
1121 1694 1226 1723 tectus
1253 1691 1446 1732 velamento,

975 1740 1027 1772 Ne
1051 1739 1205 1772 subactus
1231 1740 1274 1771 sit
1299 1742 1471 1781 tormento,

1024 1788 1103 1822 Sola
1128 1790 1224 1828 porta
1249 1788 1366 1829 gratia.

975 1858 1074 1901 Fons,
1104 1857 1194 1898 origo
1219 1857 1363 1900 pietatis,

975 1907 1061 1939 Reos
1086 1906 1200 1938 lavans
1228 1915 1246 1938 a
1272 1906 1426 1947 peccatis,

977 1955 1088 1996 Gulpis
1115 1955 1240 1987 cunctis
1268 1955 1409 1995 expiatis

1023 2004 1127 2037 Nobis
1152 2004 1238 2036 dona
1264 2004 1401 2038 veniam.

301 2073 410 2105 Mater
447 2072 562 2114 patris,
596 2072 673 2104 iube
698 2075 821 2115 natum,
854 2074 939 2108 12b,
965 2074 1034 2113 Quo
1060 2075 1136 2113 post
1151 2073 1246 2104 huius
1265 2072 1351 2105 vitae
1369 2081 1518 2114 gressum

972 2122 1104 2156 Pandat
1127 2121 1221 2153 nobis
1249 2124 1281 2153 et
1305 2121 1488 2163 ingressum

971 2171 1078 2204 Aulae
1103 2170 1185 2203 caeli
1210 2169 1414 2212 refulgentis,

970 2220 1077 2262 Regni
1098 2219 1161 2252 Dei
1187 2219 1409 2260 permanentis

1018 2270 1058 2302 In
1083 2272 1218 2302 aeterna
1241 2269 1355 2310 gloria.

896 2334 949 2372 4a,
972 2334 990 2365 3
1017 2337 1152 2365 crimina.
1179 2351 1218 2356 —
1241 2335 1291 2372 612,
1314 2354 1332 2364 υ
1353 2337 1460 2372 gratia.
1483 2351 1521 2355 —-

174 2375 226 2412 Sa,
248 2374 266 2403 2
291 2376 312 2404 1.
338 2376 452 2404 Manna
479 2376 580 2412 pavit,
608 2377 770 2410 saturavit;
795 2375 866 2403 oder
890 2375 943 2403 das
965 2378 1043 2404 erste
1064 2377 1149 2413 pavit:
1170 2377 1215 2404 als
1237 2376 1314 2404 Perf.
1335 2384 1396 2403 von
1416 2384 1518 2412 pasco,

174 2417 228 2444 das
255 2417 361 2443 zweite
389 2415 434 2443 als
455 2414 533 2442 Peri.
559 2424 620 2443 von
648 2423 743 2451 paveo
765 2415 798 2441 in
819 2415 1008 2443 transitivem
1029 2415 1123 2443 Sinne
1146 2417 1196 2452 „in
1217 2416 1352 2444 Staunen
1374 2412 1518 2443 setzen“‘?

179 2455 258 2484 Oder
268 2455 382 2482 Manna
393 2454 475 2483 cadit.
486 2455 576 2491 atque
586 2455 692 2490 pavit?
702 2469 741 2473 —
758 2451 792 2481 11
800 2462 820 2481 a
832 2454 891 2482 Die
901 2453 1077 2491 dreimalige
1084 2454 1321 2489 Wieclerholung
1331 2462 1392 2482 von
1403 2450 1520 2490 ‚,vitae“

177 2495 222 2524 als
235 2495 401 2523 Reimwort
413 2495 455 2521 ist
468 2493 645 2529 auffallend3
668 2494 720 2521 cfr.
735 2491 786 2521 6a.
800 2508 839 2513 —
852 2492 999 2521 Melodie:
1021 2493 1149 2522 Lauda
1169 2493 1261 2523 Sion
1281 2502 1321 2521 sa
1341 2494 1520 2520 vatorem.
