1656 2690
176 236 236 268 3a.

173 496 235 530 43.

170 805 230 838 5a.

169 1359 231 1392 6a.

167 1808 228 1840 7a.

165 1915 225 1949 Sa.

698 139 962 176 -111—

263 230 390 276 Nempe
415 243 473 267 rex
498 235 581 269 caeli

262 286 346 327 tuas,
373 283 480 324 Anna,
507 292 622 324 preces
648 294 757 318 omnes

263 331 421 365 exaudire
447 332 593 365 creditur

262 383 435 420 praestans
461 383 668 420 peccatorum

262 429 405 461 omnium
432 428 570 462 veniam.

263 491 406 529 Excelso
433 494 561 537 fulgens

261 544 378 577 throno
406 544 641 578 dominatorem

263 593 344 625 caeli
368 596 551 636 terraeque,

260 640 367 682 beata,
394 644 546 682 nepotem

258 698 326 721 una
352 698 423 721 cum
448 688 518 722 filia
541 691 600 722 tua

262 737 436 772 contueris.

260 801 309 838 Te
334 804 461 837 nobiles

260 857 295 884 et
315 852 479 894 ignobiles

259 904 380 942 amant,
407 903 441 932 te
468 902 556 934 docti

259 952 292 981 et
315 950 441 982 indocti

257 998 375 1030 mirum
400 998 435 1030 in
457 999 590 1032 modum

259 1046 327 1078 suis
353 1046 506 1079 laudibus

260 1095 377 1128 devote
402 1098 636 1137 prosequentes

257 1146 395 1176 matrem
421 1144 554 1185 reginae
580 1145 663 1176 caeli

258 1195 406 1224 sanctam
430 1193 635 1234 praedicant,

257 1240 463 1274 immolantes
489 1242 531 1274 ad
558 1250 648 1273 aram

259 1298 331 1322 cum
355 1298 456 1331 prece
483 1292 574 1323 tuum
599 1290 801 1332 nepotulum.

257 1354 300 1391 In
326 1357 417 1390 caelo
441 1360 559 1398 potens

256 1415 421 1445 succurre,
449 1409 555 1439 mater

256 1456 361 1499 Anna,
390 1453 585 1488 famulorum

254 1504 455 1545 paupertati,

256 1553 310 1593 qui
337 1554 466 1585 sincera
490 1554 610 1595 mente,

255 1602 408 1641 precibus
436 1605 469 1633 et
494 1602 578 1635 votis

253 1651 302 1682 tui
327 1650 467 1683 nominis
493 1650 579 1683 sacri

253 1699 444 1731 memoriam

256 1747 365 1780 devoti
392 1755 597 1783 veneramur.

255 1803 331 1850 Eia,
358 1815 444 1839 nunc
469 1809 560 1839 tuum

252 1864 314 1896 pro
339 1854 434 1889 nobis
461 1865 519 1888 ora
542 1859 706 1896 nepotem.

253 1911 397 1949 Intende
422 1915 543 1947 nostris
569 1915 733 1961 precibus,

253 1973 333 2004 quas
358 1963 435 2005 piae
460 1965 578 1997 mentis
605 1965 699 1998 oculo

250 2013 293 2045 ad
319 2015 353 2045 te
380 2011 569 2054 deferimus,

872 238 933 273 3b.

869 500 932 534 410.

871 807 930 842 5b.

868 1359 929 1395 ssb.

866 1807 929 1842 7b.

867 1915 926 1951 8b.

961 236 1017 274 Nil
1041 239 1102 272 tibi
1128 242 1202 272 tuus

958 292 1065 329 negat,
1091 288 1198 328 Anna,
1225 297 1337 329 nepos,
1364 287 1417 320 cui

957 336 1111 376 puritatis
1135 337 1265 369 unicum

959 384 1114 425 templum
1137 384 1306 426 peperisti,

959 435 1096 465 matrem
1122 435 1154 464 et
1179 433 1347 474 virginem.

960 495 1029 534 Sub
1055 499 1119 531 tuis
1146 510 1221 542 ergo

958 548 1052 580 nobis
1079 547 1317 583 confidentibus

958 596 1019 628 alis
1046 596 1142 628 liceat

956 643 1091 676 misellis
1119 643 1262 688 defendi,

959 692 1014 732 qui
1038 695 1129 724 tuum
1154 692 1267 725 sedulo
1293 702 1409 725 nomen

958 739 1163 775 honoramus,

957 805 1032 842 Rex
1058 807 1223 839 hominum

959 858 992 887 et
1015 855 1213 898 angelorum,

958 904 1058 945 Deus,
1087 906 1215 936 creator

957 953 1171 993 omnipotens,

957 1002 1021 1033 tuis
1048 1000 1195 1033 subdidit

959 1052 1076 1082 cuncta
1100 1049 1251 1092 nutibus3

957 1100 999 1142 te,
1026 1100 1161 1130 matrem
1187 1098 1361 1139 genetricis

958 1155 1045 1188 suae,
1071 1149 1148 1186 post
1175 1155 1245 1179 eam
1271 1145 1350 1178 fecit

956 1194 1217 1235 potentissimam
1227 1205 1236 1236 ς

957 1252 1033 1285 ergo
1060 1243 1202 1276 clamant
1225 1245 1259 1275 te
1283 1244 1354 1276 iure

957 1292 1038 1324 caeli
1062 1292 1148 1324 cives
1174 1293 1304 1334 dignam
1324 1292 1486 1326 laudibus.

955 1357 1007 1394 Te
1029 1363 1159 1393 nostros
1184 1369 1295 1393 omnes

958 1416 1072 1441 curare
1097 1408 1239 1449 morbos,

957 1453 1089 1502 [Anna‚]
1117 1456 1307 1489 confitemur

957 1506 1143 1546 corporales

957 1557 990 1586 et
1013 1555 1170 1586 mentales
1196 1562 1294 1594 posse

956 1606 1137 1643 cunctaque
1162 1612 1290 1635 reorum

957 1652 1077 1685 delicta
1099 1652 1164 1684 tuis
1190 1651 1291 1684 sacris

954 1700 1108 1741 precibus

954 1749 989 1781 in
1016 1748 1115 1781 caelis
1143 1748 1332 1781 emundare.

956 1804 1074 1848 Magne
1099 1815 1168 1851 rex,
1196 1806 1288 1839 salva

953 1866 1012 1889 nos
1038 1855 1132 1889 aviae
1157 1855 1198 1888 ob
1224 1856 1391 1889 honorem.

954 1912 999 1950 Ut
1027 1915 1127 1948 dones
1152 1915 1270 1947 Annae
1294 1913 1420 1946 meritis

954 1963 1083 1997 felicem
1109 1963 1196 1996 vitae
1221 1962 1406 2006 terminum,

955 2023 1049 2055 quem
1077 2009 1109 2057 [a
1132 2009 1177 2057 te]
1204 2011 1356 2054 petimus..

545 2074 577 2107 9.
605 2070 713 2115 Salve,
740 2078 917 2116 nuptarum
944 2074 1043 2107 decus

601 2123 852 2168 sanctissimum,

601 2169 799 2205 afflictorum

601 2228 676 2260 spes
703 2224 736 2253 et
758 2222 928 2262 solacium3

599 2267 707 2312 Anna,
734 2271 860 2304 aeterni
883 2269 969 2311 regis
995 2271 1080 2311 avia,

601 2326 662 2359 per
683 2321 718 2350 te
742 2319 787 2350 sit
810 2320 905 2352 nobis
930 2319 1045 2359 gloria.

229 2373 366 2402 Oration.
386 2382 441 2402 ms.
462 2373 705 2403 Underdorfense
725 2382 804 2403 saec.
827 2373 874 2403 15.
895 2383 941 2403 ex.
968 2375 1043 2403 Clm.
1064 2374 1222 2403 Monacen.
1243 2370 1330 2401 7834.
1350 2389 1388 2393 —
1412 2369 1464 2406 2a,
1478 2369 1496 2400 3

146 2413 223 2442 fehlt
243 2413 311 2440 eine
335 2413 429 2442 silbe.
452 2430 489 2434 —
513 2411 562 2448 3a,
585 2410 604 2440 2
623 2413 713 2442 Anna
731 2413 813 2441 fehlt.
835 2430 873 2434 —
895 2412 946 2448 610,
969 2412 987 2442 8
1008 2414 1027 2442 1.
1050 2414 1245 2450 precatibus?
1267 2427 1306 2431 —
1329 2413 1375 2440 Im
1396 2411 1493 2440 Akro-

149 2451 271 2480 stichon
299 2452 484 2487 „Ioannes
514 2449 743 2481 Tritemius“
771 2455 867 2481 nennt
893 2452 945 2481 der
964 2454 1123 2481 Verfasser
1149 2456 1253 2481 semen
1273 2452 1398 2480 Namen.
1430 2450 1495 2478 Das

148 2491 278 2521 Schema
298 2490 350 2518 der
366 2491 543 2527 Sequenzen
564 2493 659 2519 erster
678 2491 804 2529 Epoche
823 2493 912 2520 weist
929 2494 1017 2520 sonst
1035 2494 1087 2521 nie
1106 2492 1155 2519 ein
1168 2491 1372 2520 Akrostichon
1386 2489 1445 2518 auf.
1456 2504 1494 2509 —-

148 2528 283 2559 Melodie
302 2529 469 2559 natiirlich:
491 2530 567 2560 Ave
586 2531 798 2567 praeclara.
