1656 2690
754 135 992 172 ,71-

216 230 276 263 4a.
304 230 557 264 Benedicta
583 233 713 276 diceris,

307 279 388 320 Quia
413 280 607 321 gloriaberis

356 329 500 361 Aeterno
525 329 559 360 in
584 328 663 363 filio.

220 396 282 427 5a.
309 395 357 427 In
385 398 418 427 te
443 404 518 436 spes
545 400 594 428 est
619 398 743 440 populi,

306 443 396 484 Vita,
425 444 528 477 virtus
550 446 683 486 saeculi,

356 490 497 524 Nostrae
521 493 621 526 moris
646 492 779 526 femina.

922 234 980 267 4b.
1008 234 1068 266 Tu
1093 242 1177 274 rosa,
1203 235 1240 265 tu
1264 232 1360 275 viola,

1008 282 1059 314 Tu
1085 291 1118 314 es
1143 282 1299 314 virtutum
1325 280 1437 312 schola

1057 330 1233 362 Divertens
1258 329 1299 362 ab
1324 329 1423 362 invio.

922 398 981 432 5b.
1008 397 1270 431 Mulieribus
1298 397 1407 439 decus,

1008 446 1058 478 Ne
1085 455 1142 478 nos
1167 445 1285 477 tartari
1312 453 1427 485 specus

1054 494 1194 535 Mergat,
1223 502 1310 537 cave,
1340 493 1479 525 domina.

291 557 411 585 Prosar.
432 566 488 586 ms.
506 560 699 588 Franciscan.
721 568 798 588 saec.
815 557 888 589 ¹4l15.
926 560 996 588 Cod.
1010 560 1155 587 Parisien.
1172 556 1255 586 1339.
1277 575 1311 579 —
1335 557 1386 593 5a,
1403 556 1421 586 3
1441 559 1553 587 Nostra

208 597 301 623 moris
322 596 443 624 famina.
464 613 503 616 —
524 598 656 627 Melodie
675 599 866 627 vermutlich:
887 599 980 627 Veni
1001 600 1132 626 sancte
1152 598 1323 634 spiritus.

664 674 711 706 70.
743 673 788 705 De
808 673 909 705 Beata
930 672 1035 704 Maria
1054 672 1091 704 V.

540 735 570 767 1.
596 735 746 776 Laetare,
773 736 886 776 regina
911 735 1003 775 regni
1029 735 1202 775 caelorum,

598 783 672 815 Tibi
698 784 786 815 misit
812 792 870 816 rex
895 783 1036 815 omnium
1063 791 1235 823 regnorum

642 832 806 873 Angelum
831 840 931 863 suave

642 880 812 912 Dicentem
840 880 937 913 Ave.

220 948 281 982 2a.
309 947 360 980 De
384 948 496 990 verbo,
524 948 608 990 quod
636 951 707 980 erat

355 996 389 1027 in
414 996 586 1039 principio,

311 1044 409 1076 Venit
433 1045 581 1085 angelica

358 1093 510 1125 salutatio

310 1140 386 1173 Tibi
411 1141 521 1182 missa,
546 1141 602 1181 pia

306 1189 407 1230 Virgo
432 1189 585 1221 Maria.

219 1268 280 1300 3a.
308 1267 338 1298 A
363 1266 483 1307 spiritu
507 1269 620 1298 sancto

354 1317 391 1346 tu
417 1315 605 1358 concepisti,

305 1363 409 1396 Deum
436 1366 468 1395 et
491 1363 652 1395 hominem

352 1414 388 1444 tu
410 1412 560 1454 genuisti,

304 1461 380 1493 Vivi
406 1459 506 1493 fontis
533 1469 615 1493 vena

305 1509 419 1542 Salute
443 1510 577 1550 plena.

215 1589 234 1619 4
248 1596 276 1620 a.
304 1588 403 1627 Quem
432 1587 587 1619 ubenbus
616 1587 680 1619 tuis

351 1636 518 1668 nutrivisti

303 1684 348 1716 Et
371 1684 405 1715 in
432 1684 565 1716 brachio
591 1688 646 1716 tuo

350 1732 505 1773 habuisti,

303 1780 458 1813 Gaudens
484 1790 604 1823 secum,

302 1829 395 1869 Quod
422 1829 571 1863 Christus
596 1828 661 1862 fuit
693 1833 707 1862 t
718 1839 735 1862 e
746 1840 763 1862 c
772 1841 792 1863 u
801 1841 842 1865 m.

215 1910 233 1940 5
245 1916 275 1940 a.
302 1906 437 1947 Duplici
462 1907 592 1940 nomine

347 1954 541 1998 glorificata,

296 2005 427 2037 Annulo

346 2054 498 2095 virginali
525 2054 720 2087 subarrhata

298 2102 479 2135 Gloriosius

295 2152 312 2185 1
324 2162 345 2183 11
370 2152 641 2186 mulieribus,

207 2233 226 2264 6
238 2241 266 2264 a.
295 2230 356 2270 Qui
381 2230 471 2263 venit
493 2230 526 2262 in
553 2231 657 2271 gloria

341 2279 446 2320 patris
472 2279 530 2323 sui,

291 2329 337 2362 Et
361 2331 457 2369 pater
484 2328 583 2361 dixit:

341 2387 399 2419 ego
426 2380 459 2410 te
482 2377 589 2419 genui.

292 2426 417 2470 Gaude,
445 2426 564 2467 Maria,

340 2475 514 2508 fructus
541 2475 714 2508 ventris
741 2474 805 2506 tui

917 946 977 980 ab.
1008 946 1148 979 Verbum
1175 949 1246 979 erat
1269 946 1357 987 apud

1053 995 1170 1036 Deum,
1197 995 1307 1036 exivit,

1004 1044 1093 1076 Deus
1121 1046 1192 1075 erat
1216 1043 1362 1081 verbum,

1052 1095 1087 1124 te
1112 1092 1308 1133 concupivit,

1005 1140 1068 1173 Dei
1093 1140 1240 1180 potentia

1005 1189 1081 1221 Tibi
1106 1198 1125 1229 g
1138 1188 1266 1221 ratia.

916 1266 980 1300 3b.
1007 1266 1060 1299 Ab
1087 1269 1221 1299 aeterno
1247 1273 1283 1299 tu
1309 1275 1342 1298 es

1053 1315 1297 1358 praeordinata,

1004 1364 1100 1396 Nunc
1124 1364 1261 1396 salutari
1285 1367 1340 1396 tuo

1051 1412 1203 1447 exaltata.

1002 1461 1091 1493 Tuus
1118 1463 1168 1493 est
1191 1460 1279 1493 filius

1001 1510 1073 1542 Rex
1100 1512 1133 1541 et
1157 1509 1381 1551 Dominus,

914 1587 975 1622 4b.
1003 1587 1103 1621 Ghori
1128 1587 1317 1627 angelorum

1054 1636 1326 1676 congratulantes,

1002 1685 1120 1717 Omnes
1147 1684 1252 1716 sancti
1271 1684 1335 1716 Dei

1051 1736 1085 1764 te
1109 1735 1319 1776 venerantes3

1001 1781 1032 1814 N
1034 1791 1075 1814 on
1101 1779 1225 1814 afflicta

1000 1831 1134 1873 Parens,
1162 1829 1183 1862 b
1197 1838 1273 1862 ene
1286 1830 1402 1862 dicta
1434 1833 1487 1864 tu.

913 1911 931 1942 5
943 1908 974 1941 b.
1001 1908 1113 1941 Mater
1134 1907 1208 1949 Dei,
1235 1908 1271 1939 in
1297 1908 1386 1941 caelo

1048 1959 1213 1999 coronata,

999 2005 1180 2046 Assumpta

1047 2055 1089 2087 ad
1114 2063 1260 2097 regnum,
1286 2054 1371 2087 bene
1398 2055 1519 2088 dotata.

996 2103 1125 2136 Ditavit
1151 2103 1257 2136 dictus

994 2152 1068 2185 Rex
1094 2154 1135 2184 et
1158 2152 1434 2193 benedictus,

908 2230 968 2265 6b.
997 2230 1074 2263 Cum
1101 2233 1197 2273 patre
1223 2233 1257 2263 et
1281 2231 1399 2271 spiritu

1043 2283 1156 2312 sancto
1182 2283 1306 2322 regnat,

997 2328 1128 2361 Caelum
1155 2331 1188 2361 et
1212 2332 1345 2369 terram,

1044 2377 1152 2410 omnia
1176 2378 1338 2419 gubernat

995 2426 1040 2458 Et
1066 2429 1235 2466 sperantes
1260 2427 1295 2459 in

1044 2483 1116 2507 eum
1141 2474 1308 2508 laetificat.
