1656 2690
726 161 768 166 —
820 140 867 174 32
922 160 964 165 -

578 233 625 264 27.
661 233 698 265 In
717 233 964 265 Resurrectione
984 233 1115 265 Domini.

668 295 800 329 Feria
824 296 1022 330 secunda.

622 373 651 406 1.
679 372 809 406 Summa
834 374 1032 406 sollemnitas

676 421 771 454 adest
794 422 961 463 hodierna,

192 494 255 525 2a.
282 490 351 530 Qua
376 489 438 522 Dei
463 489 618 530 populum
887 489 946 523 2b.
973 489 1018 522 Et
1042 490 1146 530 patris
1172 491 1299 531 genitus

280 539 406 572 Pharao
432 537 585 570 rancidus
974 536 1060 570 filius
1086 538 1241 570 thanaton

281 587 406 620 remisit
430 586 472 618 ad
498 586 647 628 patriam,
974 585 1097 618 viribus
1124 586 1282 618 destituit.

194 658 253 690 3a.
281 655 448 688 Threnera
471 654 600 687 rediens
887 653 946 688 ab.
974 653 1116 694 Spoliat3
1142 654 1286 686 tumidus

195 726 255 757 4a.
284 723 388 756 Chaos
411 720 593 763 flebilisque
884 721 945 755 4b.
972 721 1056 760 Quos
1078 724 1145 754 tam
1169 721 1383 754 laetabundos

282 774 349 804 tam
374 779 544 813 generosos
973 770 1192 810 tripudiantes

283 821 423 860 perdere
447 819 545 859 viros,
975 818 1124 859 concepit
1147 818 1254 851 Eden.

197 890 255 922 5a.
283 889 374 921 Haec
398 887 560 929 paschalis
887 886 946 919 5b.
973 887 1042 926 Qua
1066 886 1215 929 supernis

281 935 468 969 festivitatis
494 935 607 976 gloria,
974 935 1239 975 congratulantur
1264 937 1382 967 terrea.

194 1006 213 1037 6
227 1013 255 1038 a.
281 1004 371 1044 Cum,
400 999 571 1046 (Christe,)
598 1003 776 1043 redemptis
888 1002 946 1036 6b.
973 1002 1150 1034 Perluxisti

282 1051 463 1090 surrexisti,
972 1052 1005 1082 et
1029 1050 1160 1082 traxisti

281 1100 435 1132 mundum
462 1099 625 1139 stolidum,
973 1098 1073 1139 signis
1099 1098 1208 1141 variis,

280 1151 447 1189 temptum,
472 1146 616 1180 tabidum
974 1146 1082 1179 verbis
1110 1146 1262 1179 credulis.

194 1218 254 1250 7a.
280 1216 328 1249 Te
351 1223 533 1257 precamur,
886 1215 944 1248 7b.
971 1216 1072 1247 Asma
1097 1217 1254 1255 sanctum,

280 1273 358 1305 quos
384 1263 562 1303 redemisti,
972 1272 1033 1304 quo
1057 1263 1218 1304 gloriaris,

278 1316 413 1354 protege
423 1323 431 1353 3
973 1312 1063 1352 accip
1068 1320 1094 1344 e.

642 1379 675 1412 8.
700 1378 787 1411 Laus
812 1379 964 1420 trinitati,

698 1426 768 1459 Deo
795 1427 856 1459 soli
881 1436 1020 1468 semper.

262 1505 346 1532 Miss.
366 1512 420 1531 ms.
441 1503 613 1531 Andecense
635 1511 711 1531 saec.
732 1501 807 1532 ¹¹l12.
852 1504 926 1531 Clm.
947 1504 1102 1532 Monacen.
1122 1501 1208 1532 3008.
1229 1505 1264 1531 A.
1285 1520 1322 1524 —
1345 1504 1436 1532 Grad.
1460 1513 1513 1532 ms.

186 1543 394 1572 Germanicum
424 1550 500 1570 saec.
526 1539 569 1569 12.
613 1541 684 1570 Cod.
708 1541 852 1570 Oxonien.
873 1543 1000 1571 Miscell.
1025 1543 1126 1579 liturg.
1154 1541 1219 1571 341.
1241 1543 1274 1571 B.
1296 1558 1331 1562 --
1353 1543 1438 1571 Miss.
1459 1552 1513 1570 ms.

185 1582 358 1610 Andecense
383 1589 459 1609 saec.
489 1579 533 1608 15.
581 1580 653 1608 Clm.
677 1581 832 1609 Monaeen.
860 1579 965 1609 24002.
988 1581 1019 1610 O.
1044 1596 1083 1600 -
1113 1579 1165 1616 212,
1187 1579 1205 1610 3
1230 1590 1273 1618 sq.
1295 1581 1375 1610 filius
1396 1583 1514 1619 genitus

183 1621 219 1648 A.
240 1635 277 1639 —
298 1618 342 1649 Sa
362 1621 446 1648 Lies:
467 1620 595 1647 Tartara
617 1617 656 1655 ἲ).
678 1635 716 1639 —-
738 1617 780 1648 3b
801 1620 945 1648 Tumidus
967 1620 1003 1648 ad
1025 1620 1099 1648 haec
1120 1620 1205 1649 ABG.
1226 1636 1265 1640 —
1286 1618 1338 1654 3a,
1362 1618 1405 1649 3b
1425 1630 1455 1648 u.
1472 1619 1514 1648 4a

186 1659 253 1687 sind
276 1660 309 1687 in
335 1659 392 1687 <len
412 1659 482 1686 Hss.
509 1659 553 1686 als
578 1660 662 1686 eine
681 1659 806 1687 Klausel
830 1659 1033 1695 verzeichnet3
1061 1659 1199 1687 sichtlich
1220 1661 1262 1687 ist
1281 1660 1353 1688 aber
1374 1659 1514 1696 „Chaos

185 1694 430 1734 flebilisqu&
455 1699 507 1725 etc.
533 1697 585 1725 das
606 1697 750 1734 parallele
770 1698 857 1726 Glied
877 1707 914 1725 zu
935 1699 1048 1734 „Quos
1069 1700 1140 1726 tam
1161 1696 1433 1727 laetabundos‘'
1461 1701 1516 1726 etc.

187 1736 354 1765 Sieherheit
376 1736 444 1773 g'abt
478 1745 534 1764 nur
554 1736 603 1764 die
622 1736 759 1771 Melodie,
782 1736 831 1765 die
850 1736 944 1765 leider
964 1738 996 1764 in
1015 1737 1116 1765 Noten
1135 1737 1217 1765 fehlt.
1247 1754 1282 1757 —
1310 1735 1361 1771 6a,
1383 1735 1401 1765 3
1425 1738 1517 1773 *ignis

186 1775 331 1812 prodigiis
352 1775 411 1804 AC.
432 1791 471 1795 —
491 1774 535 1803 7a
554 1775 629 1803 fehlt
648 1776 681 1803 B.
702 1791 741 1794 —
761 1773 787 1810 8,
810 1773 828 1803 2
848 1776 978 1804 Domino
1000 1775 1059 1804 AC.

505 1869 552 1901 28.
582 1869 617 1901 In
639 1869 758 1902 Octava
778 1870 1034 1902 Resurrectionis
1055 1870 1189 1902 Domini.

572 1942 603 1974 1.
631 1941 761 1974 Summa
786 1942 985 1975 sollemnitas

632 1993 726 2022 canat
751 1990 909 2023 hodierna
933 1991 1055 2032 inclita,

629 2038 781 2081 Alleluia,

630 2087 671 2119 de
696 2088 768 2129 lege
792 2096 886 2120 nova.

200 2157 260 2190 2a.
289 2154 511 2195 Christicolae,
542 2154 672 2187 reddite
696 2155 819 2199 laudes,
890 2154 950 2187 ab.
976 2155 1049 2197 Eia,
1075 2156 1109 2187 in
1134 2166 1231 2189 unum
1256 2158 1476 2200 lymphaticis,

282 2203 435 2245 Alleluia,
976 2203 1130 2247 Alleluia,

282 2253 317 2285 in
341 2252 404 2285 hac
429 2250 481 2283 die
506 2259 610 2283 sacra.
978 2252 1153 2286 reddamus
1180 2255 1317 2297 cantica,

200 2323 257 2355 32..
285 2319 378 2353 Tuba
402 2318 547 2351 sonando
889 2319 948 2353 3b.
975 2319 1021 2352 Et
1045 2320 1220 2354 habeamus

281 2368 425 2402 Alleluia
450 2367 636 2410 altithrono,
979 2368 1174 2409 algammata
1199 2371 1353 2413 Alleluia,

279 2416 448 2450 iubilando
978 2417 1134 2459 Alleluia,

282 2467 314 2499 in
342 2467 403 2500 hac
428 2463 529 2505 festa3
977 2466 1012 2498 in
1037 2466 1099 2501 hac
1124 2467 1212 2508 aula;
