1656 2690
214 212 276 245 2a.

215 389 274 421 3a.

214 567 276 600 4a.

215 745 274 777 5a.

213 924 274 957 ssa.

214 1103 274 1136 7a.

214 1281 274 1313 Sa.

215 1458 276 1491 9a.

187 1636 230 1669 10
244 1645 273 1669 a.

185 1863 228 1896 11
245 1872 273 1896 a.

186 2090 229 2125 12
240 2100 270 2123 a.

724 111 962 147 -52-

302 212 394 244 Haec
421 211 455 242 in
478 210 584 242 lucem
608 210 815 251 progressiva

303 258 381 292 Veri
405 258 483 290 solis
507 258 702 298 productiva

349 305 426 338 Fuit
450 306 522 338 sine
546 306 679 339 semine.

302 387 394 427 Quod
426 387 507 419 haec
533 387 602 419 dies
630 386 814 420 celebratur

298 436 344 469 Et
368 444 388 467 a
414 434 536 467 cunctis
564 437 736 468 veneratur

348 483 442 515 Veris
467 484 697 525 tabernaculis,

303 566 474 606 Tempore,
501 574 563 607 quo
590 565 754 598 debellata

298 614 345 647 Et
369 623 388 646 a
412 614 505 646 malis
531 614 711 654 exstirpata

346 662 468 703 Anglia
492 662 671 704 exstiterat,

300 745 446 777 Thraces
471 752 544 777 esse
568 744 788 785 conturbatos,

301 793 356 826 Sic
378 802 398 825 a
422 793 530 833 patria
558 793 714 833 privatos,

346 840 508 874 Abbatem
536 841 710 874 direxerat.

299 923 404 955 Vento
430 923 493 955 sibi
518 926 717 965 occurrente,

300 971 392 1011 Quod
419 971 460 1003 de
485 971 569 1003 malo
594 971 781 1004 imminente

348 1019 502 1059 Corporis
527 1020 683 1051 auxilium

300 1100 425 1134 Abbati
449 1102 498 1134 sic
521 1101 557 1133 in
583 1101 696 1134 dolore

298 1149 481 1182 Exsistenti
507 1152 540 1182 et
563 1152 690 1182 terrore

346 1198 406 1229 Vir
430 1198 479 1230 sic
505 1197 615 1231 dicens
646 1202 812 1242 properat,

300 1280 396 1312 Diem
421 1281 450 1313 si
474 1279 553 1312 mihi
578 1280 752 1321 promittis,

300 1327 372 1369 Tui,
400 1328 485 1368 quod
509 1329 571 1360 hoc
587 1337 652 1360 non
666 1328 812 1370 dimittis,

346 1375 422 1409 Erit
445 1376 606 1409 liberatio.

302 1458 463 1497 Tempore
480 1457 597 1490 Karoli
613 1458 814 1491 Francorum

299 1505 436 1546 Quidam
460 1506 550 1538 iussu
573 1506 749 1539 amicorum

349 1553 550 1594 Desponsari
574 1555 685 1589 voluit.

300 1635 373 1668 Hac
387 1635 428 1667 de
442 1644 547 1676 causa,
562 1639 666 1669 mater
681 1636 812 1680 Christi,

299 1684 518 1725 Sacerdotem,
546 1684 620 1716 dum
646 1686 774 1727 venisti,

298 1732 401 1766 Morti
429 1733 539 1765 datum
561 1734 728 1766 redemisti

346 1780 548 1814 Daemonum
573 1782 735 1815 consortio

299 1862 504 1896 Erubescant
527 1872 613 1896 nunc
637 1864 744 1897 insani

298 1912 415 1945 Omnes
441 1912 556 1944 saltem
583 1911 758 1945 Christiani

296 1960 501 1992 Exsistentes
525 1959 572 1992 ita
598 1961 683 2002 vani,

347 2007 522 2042 Cernentes
548 2008 611 2040 hoe
632 2009 793 2051 meritum,

297 2090 404 2132 Digna
428 2093 544 2130 mater,
570 2091 661 2131 virgo
687 2091 753 2132 pia,

296 2139 371 2172 Iesu
399 2138 531 2180 Christi,
559 2148 577 2171 o
602 2139 720 2180 Maria,

296 2185 332 2219 Si
358 2196 421 2227 qua
445 2187 539 2219 nobis
564 2187 630 2219 sint
656 2188 757 2229 ebria,

296 2236 387 2276 Rege
410 2244 469 2268 nos
494 2235 528 2268 in
552 2235 638 2268 vitae
663 2237 716 2269 via

343 2283 449 2317 Huius
475 2294 494 2317 a
518 2284 666 2326 penuria,

908 210 966 242 2b.

906 388 966 423 3b.

904 567 965 602 4b.

906 746 963 779 5b.

907 925 966 960 ob.

909 1103 967 1136 7b.

907 1281 966 1315 8b.

904 1458 963 1493 9b.

880 1638 923 1671 10
932 1638 964 1671 b.

878 1865 963 1901 lib.

879 2093 965 2128 1210.

993 210 1088 242 Adae
1114 210 1229 250 culpae
1254 206 1434 248 expulsiva,

997 259 1101 291 Verae
1126 257 1212 290 vitae
1237 255 1433 298 promissiva

1042 305 1146 338 Nobis
1173 307 1224 338 est
1250 304 1388 345 egregie.

995 387 1066 421 Hoc
1092 389 1127 420 in
1151 388 1236 420 libro
1264 387 1450 419 declaratur

993 437 1038 469 Et
1061 436 1236 468 Anselmus
1262 436 1465 476 protestatur

1041 484 1122 516 Eius
1145 485 1180 516 in
1204 483 1380 516 miraculis.

992 568 1024 599 A
1048 566 1224 599 Wilhelmo
1249 565 1512 598 Normannorum

994 615 1095 654 Duce,
1122 616 1255 655 regente
1280 614 1460 655 Anglorum

1043 658 1231 707 [Regnum]
1261 670 1331 694 cum
1351 661 1512 695 didicerat

989 745 1075 779 Illuc
1097 748 1213 777 ventus
1238 744 1457 785 prosperatim

992 794 1039 827 Et
1063 794 1186 825 cunctis
1210 794 1355 833 peractis
1381 793 1492 825 statim

1040 842 1095 874 Ad
1119 851 1179 874 sua
1202 844 1382 874 revexerat.

993 925 1168 965 Linquunt,
1196 924 1376 956 animarum
1400 934 1510 957 curam

994 973 1236 1006 Committentes
1261 972 1332 1004 Deo
1358 981 1472 1013 puram

1040 1021 1144 1053 Maris
1170 1028 1230 1061 per
1255 1020 1414 1054 exsilium.

994 1103 1055 1144 Qui
1080 1102 1193 1134 matris
1219 1102 1452 1143 redemptionis

993 1152 1090 1184 Hunc
1114 1159 1192 1183 suae
1218 1151 1440 1191 conceptionis

1041 1198 1083 1231 Se
1109 1200 1267 1231 colentem
1293 1202 1447 1232 noverat:

994 1282 1062 1322 Quo
1075 1281 1257 1320 spondente
1273 1284 1386 1313 ventus
1401 1282 1509 1324 cessit,

991 1329 1082 1362 Alibi
1107 1329 1155 1361 sic
1178 1329 1354 1363 innotescit

1039 1376 1120 1409 Eius
1146 1376 1333 1411 celebratio.

990 1459 1076 1492 Huic
1098 1461 1237 1500 apparet
1254 1458 1376 1491 Christi
1388 1462 1508 1493 mater:

992 1507 1026 1540 Si
1043 1516 1095 1539 me
1118 1508 1219 1548 cupis,
1246 1507 1366 1552 linque,
1390 1506 1503 1549 frater,

1039 1555 1144 1596 Hanc,
1172 1564 1255 1597 quae
1279 1556 1340 1588 tibi
1366 1556 1480 1589 notuit.

990 1637 1110 1671 iubens
1135 1641 1211 1671 tuae
1235 1638 1404 1671 celebrare

993 1687 1222 1727 Conceptionis
1247 1686 1379 1719 firmare

991 1735 1086 1768 Diem
1110 1738 1143 1767 et
1168 1736 1229 1768 hoc
1253 1736 1446 1775 praedicare

1039 1783 1179 1817 Abiecto
1207 1784 1358 1817 divortio.

990 1866 1082 1907 Quod
1109 1866 1150 1898 de
1170 1866 1258 1898 caelo
1277 1869 1326 1897 est
1344 1874 1508 1907 egressum

990 1914 1035 1947 Et
1058 1913 1210 1946 fidelibus
1235 1923 1434 1954 concessum,

991 1962 1037 1995 Ut
1060 1962 1095 1993 in
1119 1962 1212 1994 libris
1240 1966 1289 1994 est
1306 1971 1506 2004 expressum,

1039 2009 1161 2042 Delens
1186 2010 1234 2043 sic
1257 2010 1436 2044 interitum.

991 2093 1039 2126 Ut
1062 2093 1107 2125 ad
1130 2102 1266 2135 regnum
1290 2094 1339 2126 tui
1363 2094 1436 2126 nati

991 2142 1168 2175 Pervenire
1193 2143 1376 2182 perpetrati

992 2191 1057 2223 Per
1081 2192 1115 2221 te
1140 2190 1239 2222 simus
1265 2190 1328 2222 sibi
1355 2191 1435 2231 dati,

990 2238 1055 2272 Ubi
1081 2241 1280 2280 conregnant
1304 2238 1393 2272 beati

1041 2287 1080 2319 In
1106 2287 1238 2320 caelesti
1267 2287 1366 2321 curia.

253 2361 335 2390 Orat.
357 2363 387 2389 et
406 2361 546 2397 Sequent-
566 2369 621 2388 ms.
647 2361 812 2398 Campense
831 2364 904 2390 anni
926 2361 1010 2392 1462.
1052 2362 1122 2391 Cod.
1144 2364 1364 2393 Darmstath'en.
1387 2362 1453 2392 521.

174 2400 227 2435 51),
244 2399 259 2428 1
280 2401 357 2429 Illic.
436 2399 488 2435 7b,
505 2398 520 2428 1
542 2399 576 2428 Si
596 2402 693 2428 matri.

773 2400 825 2436 7b,
843 2399 861 2430 3
879 2401 930 2429 Te.
951 2417 989 2422 -
1013 2400 1046 2430 11
1055 2410 1083 2436 a,
1095 2400 1116 2430 4
1135 2402 1323 2439 Spernentes.
1345 2419 1382 2424 -
1406 2402 1475 2440 12b,
1491 2404 1509 2434 5

174 2440 326 2469 caelestia.
403 2439 534 2468 Melodie
556 2438 704 2468 offenbar:
724 2440 875 2470 Laudes
895 2442 1023 2470 erucis
1045 2441 1282 2470 attollamus.
