1656 2690
707 133 948 169 *288*

200 233 260 264 6a.
291 231 471 264 Gaudendo
902 230 960 265 6b.
988 229 1102 263 Gloria

289 279 430 311 iubilent
988 278 1032 310 sit
1051 277 1101 310 illi

293 336 414 367 omnes,
439 327 609 361 sollemnia
989 327 1023 359 in
1047 325 1189 365 aethera,
1217 325 1307 357 cuius

294 375 494 408 celebrantes
520 386 606 409 nune
991 375 1079 407 clara
1103 373 1240 405 rutilant

291 426 487 463 sanctorum,
990 424 1084 464 dona,
1111 422 1183 462 quis

291 469 470 503 referentes
495 473 670 511 praeconia
990 475 1142 504 aeternae
1165 470 1252 503 vitae
1278 476 1512 510 consequamur

293 527 372 550 voce
398 517 559 551 dulciflua.
990 528 1106 560 magna
1131 518 1288 558 praemia.

204 605 264 636 7a.
291 603 357 636 Ubi
381 602 501 645 flagrat
523 605 580 637 lux
904 603 962 638 7b.
988 604 1252 645 Angelorumque

291 650 444 691 perennis
992 654 1123 683 caterva

292 698 326 729 in
350 698 495 739 paradisi
522 699 650 738 gaudia,
992 699 1038 731 ibi
1065 698 1186 739 gaudet
1206 707 1267 738 per
1290 700 1429 732 saecula.

206 784 267 817 8a.
295 783 392 817 Dulc1
420 787 575 823 personat
906 784 966 818 ab.
993 784 1032 816 In
1058 793 1121 825 qua
1147 783 1300 816 decenter

293 831 496 873 symphonia,
991 835 1067 873 post,
1092 830 1210 865 funera

292 880 394 912 melos
421 880 565 912 concinit
994 877 1037 924 [o]
1065 889 1159 921 quam
1182 880 1278 912 beat-a

294 928 466 968 psallendo
491 928 691 969 harmonica,
993 931 1179 960 sanctorum
1204 930 1280 960 sunt
1305 928 1434 968 agmina

207 1014 227 1046 9
240 1023 270 1046 a.
298 1013 573 1055 Patriarcharum,
911 1013 971 1046 ab.
999 1011 1326 1059 Prophetarum[que]

293 1060 526 1102 apostolorum,
998 1061 1219 1094 confessorum
1245 1065 1278 1094 et

292 1109 518 1150 virginumque
544 1110 644 1151 clara,
997 1113 1175 1151 martyrum
1199 1110 1329 1143 inclita!

181 1196 227 1230 10
239 1206 268 1229 a.
295 1196 389 1230 Nova
416 1197 566 1229 canentia
885 1197 928 1230 10
938 1196 971 1230 b.
998 1198 1037 1231 In
1063 1206 1127 1239 qua
1150 1201 1334 1231 sanctorum
1360 1202 1434 1232 sunt

295 1246 422 1278 cantica
999 1247 1128 1288 agmina

294 1295 376 1326 caeli
402 1303 502 1334 supra
997 1295 1178 1327 trinitatem

293 1346 407 1376 sanct-a
432 1343 557 1382 palatia
997 1347 1143 1375 sanctam
1169 1345 1335 1377 cernentia

290 1389 483 1434 (splendida
505 1389 558 1434 in)
1152 1407 1164 1415 κ
1188 1407 1212 1415 Α.

290 1440 423 1472 civitate
446 1437 600 1481 almiflua,
995 1438 1028 1470 in
1052 1438 1156 1479 gloria
1177 1439 1387 1479 sempiterna.

179 1526 221 1560 11
235 1536 265 1559 a.
294 1526 460 1558 Poseimus
882 1523 964 1557 11b.
990 1525 1037 1556 Te
1061 1525 1166 1557 Deum

291 1583 367 1615 ergo
392 1581 451 1606 nos
478 1581 549 1604 cum
574 1572 656 1612 ipsis
992 1575 1161 1605 cernentes
1187 1583 1371 1615 supremum

289 1621 435 1663 paradisi
991 1630 1030 1653 ex
1057 1622 1182 1662 virgine

292 1670 357 1703 frui
383 1669 532 1703 amoenia
989 1672 1099 1702 natum
1124 1672 1323 1706 veneranda.

618 1757 676 1792 12.
701 1754 777 1788 Tibi
802 1755 846 1787 sit
868 1764 930 1795 per
955 1765 1069 1790 aevum

702 1804 800 1836 decus
826 1805 859 1835 et
883 1806 1038 1845 potestas,

242 1893 331 1930 Trop.
359 1901 413 1921 ms.
436 1891 466 1919 S.
486 1890 636 1927 Ebrulphi
657 1898 733 1918 saec.
757 1886 801 1915 12.
845 1888 915 1917 Ood.
940 1891 1070 1919 Parisin.
1094 1889 1199 1919 10508.
1220 1892 1253 1919 A.
1280 1907 1317 1911 —
1339 1894 1428 1921 Grad,
1452 1902 1506 1921 ms.

165 1931 194 1958 S.
213 1932 324 1959 Albani
346 1940 423 1960 saec.
440 1929 484 1958 12.
520 1930 590 1958 Cod.
603 1929 770 1957 Londinen.
785 1927 858 1963 Reg.
877 1926 895 1954 2
909 1929 934 1956 Β
947 1930 999 1957 N.
1016 1931 1049 1956 B.
1063 1944 1103 1950 —-
1122 1929 1207 1957 Pros.
1224 1939 1278 1957 ms.
1295 1931 1506 1959 Glastoniense

164 1978 242 1998 saec.
266 1969 310 1998 12.
332 1980 375 1998 ex.
415 1969 485 1997 Cod.
507 1968 673 1997 Londinen.
696 1965 790 2001 Calig.
812 1966 837 1993 A
857 1966 940 1994 XIV.
963 1967 994 1995 G.
1015 1982 1052 1987 —
1073 1968 1158 1995 Miss.
1178 1976 1232 1995 ms.
1256 1968 1406 1998 Beccense
1427 1979 1506 1999 saec.

166 2006 210 2036 13.
247 2009 464 2037 Cod.Pa1-isin.
483 2005 566 2036 1105.
581 2007 609 2034 D
639 2021 676 2025 —
697 2004 786 2034 Grad.
806 2013 861 2031 ms.
876 2005 1096 2041 Rotomagense
1109 2013 1187 2033 saec.
1206 2003 1252 2034 14.
1290 2006 1360 2036 Cod.
1373 2009 1505 2038 Paris'in.

166 2044 232 2074 904.
252 2047 289 2075 E.
310 2062 349 2067 —
369 2047 453 2075 Miss.
475 2055 529 2074 ms.
550 2046 769 2080 Rotomagense
791 2051 868 2070 saec.
894 2040 939 2070 15.
975 2043 1044 2071 Cod.
1071 2044 1198 2071 Parisin.
1220 2042 1278 2073 863
1300 2046 1333 2077 F.
1386 2063 1394 2066 -
1416 2049 1507 2078 Grad,

163 2094 222 2113 ms.
239 2085 461 2123 Rotomagense
481 2093 558 2113 saec.
582 2082 626 2111 15.
668 2083 738 2111 Cod.
761 2081 889 2109 Parisin.
913 2079 978 2109 905.
1000 2082 1036 2110 Gr.

243 2141 269 2178 1,
302 2141 313 2170 l
333 2143 415 2171 Laus
442 2142 538 2170 honor
565 2143 612 2176 sit,
633 2141 766 2169 Alleluia
783 2139 817 2167 F.
843 2153 881 2157 —
911 2137 962 2173 2a,
986 2137 1001 2166 1
1025 2140 1115 2168 Heloi
1137 2138 1236 2178 DAE3
1265 2145 1365 2172 cuncti
1387 2149 1503 2182 potenti

162 2181 222 2209 FG.
251 2196 287 2200 —
314 2179 368 2215 21),
392 2179 406 2209 1
436 2189 494 2216 que
514 2180 589 2208 fehlt
614 2179 649 2207 E.
679 2195 717 2199 —
743 2175 797 2211 3a,
818 2177 838 2206 4
857 2186 983 2214 corpora
1003 2181 1107 2206 nostra
1127 2178 1161 2206 G.
1190 2195 1228 2200 —
1258 2178 1312 2216 3b,
1335 2181 1354 2210 2
1375 2193 1419 2222 sq.
1441 2186 1503 2214 iam

162 2221 303 2247 intonant
315 2228 395 2247 nunc
408 2218 452 2254 (ἃς
472 2220 592 2246 intonat
605 2218 636 2246 C.
662 2232 701 2236 -
721 2215 773 2250 3b,
788 2214 808 2243 4
820 2225 893 2244 voce
906 2216 1012 2244 inclita
1025 2217 1062 2244 D.
1084 2230 1122 2236 ν-
1141 2215 1193 2252 4³,
1212 2216 1227 2246 1
1243 2219 1349 2249 adorat
1363 2222 1450 2252 CDF,
1465 2241 1503 2246 —

161 2257 215 2294 4a,
230 2256 250 2286 4
264 2258 360 2286 fontes
374 2257 498 2285 flumina
510 2256 551 2291 1³¹3
573 2256 670 2284 dieser
684 2256 758 2284 Vers
773 2255 826 2282 hat
838 2256 911 2282 zwei
927 2254 1031 2283 Silben
1046 2254 1129 2283 mehr
1142 2256 1187 2284 als
1202 2257 1254 2285 der
1269 2262 1503 2296 entsprechende

161 2298 194 2325 in
209 2296 270 2325 4b:
292 2297 342 2325 bei
362 2297 414 2324 der
427 2294 664 2331 Wiederholung
683 2294 735 2322 der
747 2291 819 2320 Mel.
840 2293 960 2322 bleiben
980 2294 1053 2321 zwei
1069 2293 1168 2323 Noten
1187 2293 1215 2330 (e
1229 2296 1258 2332 d)
1272 2306 1335 2327 aus.
1356 2315 1396 2320 —
1415 2301 1469 2338 53,
1485 2301 1503 2332 3

161 2339 264 2364 nostra
291 2335 366 2368 fehlt}
391 2333 422 2362 C.
452 2349 493 2354 -—
522 2332 575 2367 5b‚
604 2331 622 2360 2
648 2334 715 2361 eine
739 2331 823 2360 Silbe
852 2334 981 2369 weniger
1010 2332 1055 2360 als
1076 2331 1128 2365 52„
1150 2330 1176 2359 2.
1206 2349 1244 2354 —
1275 2335 1329 2371 512,
1350 2338 1369 2367 4
1398 2341 1498 2370 Halon

162 2374 278 2403 ABCD.
299 2389 337 2394 —
355 2374 415 2401 Die
424 2372 768 2409 Unregelmiissigkeiten
781 2371 814 2398 in
827 2371 886 2398 den
896 2369 1046 2406 Strophen
1059 2369 1080 2398 4
1091 2371 1153 2398 und
1168 2370 1185 2400 5
1199 2374 1267 2402 siud
1281 2385 1319 2404 zu
1334 2378 1503 2416 beseitigen

162 2413 255 2442 durch
283 2413 331 2441 die
352 2411 519 2445 Annahme,
547 2410 612 2438 da‘ss
639 2410 723 2438 nicht
741 2408 786 2436 4a
810 2409 872 2436 und
890 2408 943 2442 412,
966 2408 1010 2437 522
1037 2409 1096 2437 und
1118 2408 1161 2438 5b
1185 2413 1322 2448 gleichen
1350 2418 1503 2447 Melodien

164 2453 286 2489 folgten,
308 2451 436 2480 sondern
455 2448 501 2477 4a
523 2449 581 2477 und
603 2447 655 2483 5a,
676 2447 720 2477 41)
741 2447 801 2475 und
823 2447 882 2483 5123
904 2449 958 2475 wir
979 2448 1083 2476 hatten
1104 2447 1199 2477 daun:
