1656 2690
156 223 218 255 5a.
245 223 315 262 Quo
344 222 469 256 Christi
494 226 609 256 nostra
634 225 766 256 caterva
859 223 919 259 51).
945 223 991 257 Et
1013 226 1052 256 ut
1078 224 1184 265 possit
1207 223 1312 256 sancti
1337 221 1429 263 regni

245 274 361 312 poscat
387 268 475 315 [sibi]
502 280 647 314 munera,
945 271 1115 315 possidere
1139 271 1258 313 gaudia

535 350 567 384 6.
596 347 799 391 Suffragante
825 352 937 382 sancto
963 349 1064 383 Luca.

223 424 313 460 Trop.
329 426 359 453 et
369 423 510 462 Sequent.
525 433 580 452 ms,
592 423 622 452 S.
634 424 790 453 Benedicti
801 426 959 454 Mantuani
974 434 1051 454 saec.
1069 424 1113 454 11.
1135 425 1205 454 Cod.
1223 426 1320 461 Capit.
1334 424 1483 452 Veronen.

147 462 229 492 GVH
249 460 335 499 (100).
357 463 424 491 adu.
447 471 523 491 saec.
547 461 592 491 11.
618 479 656 484 —
682 461 734 500 2a,
755 461 774 492 3
795 464 1026 492 sanctissimum.
1052 481 1089 485 —
1116 461 1170 500 3b,
1193 462 1211 491 2
1230 464 1349 492 ducens.
1369 478 1408 483 —
1427 462 1484 489 Be-

145 502 343 530 achtenswert
362 502 404 529 ist
423 501 475 529 der
489 501 716 539 gleichmiissige
729 502 897 539 Rhythmus
912 502 973 530 und
986 503 1073 531 Reim
1087 505 1129 531 im
1144 505 1243 531 ersten
1257 501 1483 538 Klauselpaare.

611 635 682 667 240.
713 636 758 667 De
779 637 892 667 sancta
913 635 1021 669 Lucia.

157 726 217 758 la.
244 725 342 758 Lucis
369 728 498 758 creator
523 726 654 767 optime,
857 725 915 760 lb.
942 726 1085 759 Illabens
1112 726 1180 759 eius
1204 726 1331 758 animae

244 774 366 806 Luciae
391 773 613 806 nobilissimae
943 774 1088 807 Illuxisti
1114 773 1303 815 clarissime,

292 821 457 862 Splendor
466 825 607 854 mentem
617 822 816 866 illuminans,
989 822 1123 855 Omnem
1136 821 1284 854 umbram
1301 821 1483 855 eliminans.

153 899 217 933 2a.
245 898 349 932 Arma
372 898 455 931 lucis
479 898 630 940 induem,
855 899 918 933 21).
944 899 1040 933 More
1064 899 1147 931 lucis
1170 897 1320 940 influens,

248 947 362 980 Carnis
390 956 543 988 sponsum
568 956 717 993 renuens,
944 948 1060 981 omnia
1086 946 1286 980 distribuens

296 995 399 1028 Lucia
423 996 604 1036 iuvencum,
992 996 1156 1030 Christum
1181 996 1267 1028 luxit
1292 994 1438 1029 credula.

158 1074 218 1106 3a.
246 1073 297 1106 De
321 1072 466 1105 tenebris
857 1072 919 1107 3b.
946 1073 1028 1106 Tum
1053 1073 1157 1106 voluit

293 1121 404 1153 lumen
428 1121 659 1161 splendescere
992 1121 1074 1154 lueis
1098 1121 1281 1162 ostendere,

243 1169 338 1201 Dixit
361 1169 451 1203 Deus
946 1170 1029 1202 Dum
1055 1169 1191 1202 Luciam

293 1217 325 1249 in
352 1218 458 1258 primo
481 1227 618 1259 vespere
994 1217 1074 1251 fecit
1099 1219 1257 1263 emittere,

342 1265 463 1299 Oreans
487 1267 613 1310 lucem3
1040 1266 1179 1300 Mortem
1206 1269 1342 1302 trucem.

152 1345 216 1378 4a..
243 1344 329 1384 Iesu,
355 1345 414 1377 lux
439 1353 517 1377 vera
541 1345 708 1387 mentium,
856 1345 917 1379 41).
945 1344 1034 1384 Quae
1058 1354 1116 1377 nos
1142 1353 1203 1384 per
1228 1345 1292 1377 iter
1318 1345 1447 1377 <levium

246 1393 311 1425 Per
337 1392 460 1425 Luciae
485 1393 666 1426 subsidium
945 1393 1024 1425 Post
1050 1392 1112 1424 hoc
1135 1401 1292 1433 praeseus
1320 1393 1471 1426 exsilium

292 1440 345 1473 Da
371 1440 465 1473 nobis
489 1442 596 1474 lucem
623 1442 758 1485 gratiae,
993 1440 1103 1473 Ducat
1128 1441 1170 1473 ad
1196 1440 1305 1474 lumen
1333 1441 1467 1482 gloriae.

224 1517 307 1546 Offic.
338 1526 392 1546 ms.
424 1518 456 1546 S.
485 1519 601 1546 Luciae
632 1526 709 1546 saec.
741 1515 817 1547 14115,
866 1517 938 1546 cod.
968 1517 1154 1546 Avenionen.
1183 1515 1237 1545 117
1266 1515 1316 1554 (7).
1338 1531 1376 1536 ——
1397 1516 1450 1553 2a,
1470 1516 1490 1545 2

145 1565 261 1585 renues.
291 1572 330 1577 —
360 1554 414 1591 4b,
440 1554 454 1585 1
477 1557 561 1592 Quae
589 1565 645 1586 nos
667 1558 780 1594 pariter
801 1558 927 1585 demum.
958 1570 997 1575 ——
1029 1557 1088 1585 Die
1107 1556 1269 1591 Abschrift‚
1290 1556 1412 1592 besorgt
1429 1565 1490 1584 von

146 1596 203 1623 Mr.
224 1596 378 1631 Labantle‚
402 1595 620 1625 Conservateur
640 1605 679 1624 zu
698 1597 849 1632 Avignon‚
870 1595 1023 1624 verdanke
1042 1595 1092 1623 ich
1113 1594 1165 1623 der
1177 1595 1491 1633 Liebenswurdigkeit

147 1634 198 1662 des
218 1635 275 1663 Mr.
296 1634 333 1662 A.
355 1634 533 1672 Beaugrand
554 1636 586 1663 in
606 1635 702 1663 Paris.

593 1749 657 1781 241.
689 1748 733 1781 De
754 1749 865 1781 sancto
886 1748 1054 1782 liudovico.

163 1834 218 1865 la.
245 1830 413 1863 Ludovico
860 1830 921 1864 lb.
948 1831 1019 1863 Rex
1044 1830 1107 1862 hac
1132 1830 1199 1862 vita

245 1880 430 1920 Pangamus
456 1879 556 1912 corde
581 1879 701 1922 pudico
946 1878 1092 1914 Vivebat
1115 1881 1154 1911 ut
1177 1879 1323 1922 eremita,

293 1927 449 1964 Alleluia.
995 1928 1061 1961 Res
1087 1926 1247 1962 miranda.

158 2008 220 2041 2a.
248 2006 380 2040 Gaudet
403 2015 464 2041 rex
491 2007 531 2040 de
554 2007 677 2049 regulo,
858 2006 919 2040 2b.
945 2006 1050 2047 Regni
1077 2009 1110 2038 et
1135 2006 1293 2039 ecclesiae

245 2055 404 2089 Dominus
429 2056 470 2088 de
495 2054 628 2098 famulo,
947 2056 1025 2089 Iura
1047 2055 1135 2088 rexit
1157 2055 1269 2096 requie

293 2103 350 2138 Sol
377 2104 419 2136 de
443 2105 551 2138 stella.
996 2103 1132 2145 Semper
1159 2104 1259 2137 clara.

158 2184 221 2218 ga.
246 2183 355 2216 Multa
378 2181 466 2215 bona
489 2182 619 2215 clericis
860 2183 919 2216 3b.
946 2182 1012 2217 Hic
1035 2183 1140 2216 multa
1163 2182 1313 2223 pericula

248 2232 394 2266 Contulit
420 2235 453 2264 et
477 2231 570 2264 laicis
947 2233 1067 2265 Passus
1090 2234 1140 2264 est
1164 2241 1225 2272 per
1250 2231 1381 2265 saecula

293 2281 371 2315 Pari
397 2279 513 2313 forma.
998 2280 1103 2314 Carne
1127 2283 1267 2322 sumpta.

154 2359 219 2392 4a.
246 2358 317 2391 Nec
342 2367 441 2400 prece
466 2367 527 2391 nec
551 2358 659 2399 pretio
859 2359 920 2392 4b,
949 2359 1066 2392 Nullus
1092 2361 1160 2392 tam
1185 2366 1390 2399 summopere

244 2406 310 2440 Sua
333 2417 426 2440 mens
449 2408 573 2440 iudicio
949 2407 1042 2442 Vixit
1066 2417 1125 2441 suo
1149 2409 1298 2448 tempore

293 2455 349 2489 Fit
376 2460 541 2497 corrupta.
1001 2456 1098 2491 Valle
1122 2459 1244 2490 nostra.

1259 2511 1319 2542 14*
