1656 2690
745 141 1005 177 —173—

600 241 633 273 9.
661 239 747 272 Laus
782 249 907 282 quoque
931 244 1043 274 sancto
1070 241 1200 282 spiritui

658 288 701 321 sit
725 298 786 329 per
813 298 938 323 aevum.

289 370 375 401 Miss.
398 382 453 401 ms.
474 374 661 402 Voraviense
685 382 761 402 saec.
787 373 830 403 14.
872 374 942 402 Cod.
964 376 1124 404 Voravien.
1147 373 1184 403 92
1203 373 1270 411 (35).
1292 376 1326 403 A.
1348 391 1386 397 -κ
1409 375 1549 412 Sequent.

207 420 261 439 ms.
297 410 326 438 S.
364 412 446 439 Petri
481 412 720 449 Salisburgensis
756 422 832 442 saec.
871 412 915 442 16.
958 414 1028 442 Cod.
1061 414 1090 442 S.
1121 414 1204 442 Petri
1235 414 1439 450 Salisburgen.
1460 415 1504 442 IV
1524 415 1549 443 F

207 450 377 486 (Appendix
400 459 453 478 ms.
474 452 559 479 Miss.
583 451 720 486 Romani,
743 453 814 489 imp.
835 452 971 480 Venetiis
996 451 1088 488 1513).
1113 453 1145 480 B.
1168 468 1207 471 —
1231 451 1256 487 1,
1271 451 1290 481 4
1311 454 1385 482 colit
1398 454 1548 481 mentibus

206 489 241 516 Β,
260 502 300 508 —
320 486 370 522 2a,
385 486 404 517 3
424 489 587 518 deserendo
610 489 671 517 AR.
690 506 729 510 -—
749 490 808 519 Str.
829 488 874 518 21³
895 490 971 519 fehlt
990 493 1020 519 in
1046 491 1104 519 (len
1123 491 1329 520 auffindbaren
1343 491 1486 527 Quellen3
1506 493 1549 520 ist

206 536 265 555 von
294 528 350 554 mir
374 528 452 555 nach
478 528 544 556 dem
569 528 663 556 Texte
695 529 747 557 der
774 529 1020 565 Stammsequenz
1051 530 1179 566 ergiinzt.
1208 545 1245 549 —-
1274 528 1325 565 3a,
1347 529 1364 559 5
1395 532 1549 559 accessisti

208 566 249 602 A;
271 566 395 594 Domini
417 567 478 595 AB.
500 582 537 586 —
557 565 609 602 4a,
635 566 649 594 1
671 568 716 595 Tu
738 568 771 595 A.
794 582 831 587 —-
853 566 906 602 512,
924 567 938 595 1
960 577 1018 605 que
1031 568 1106 596 fehlt
1120 568 1180 596 AB.
1218 584 1239 587 —
1259 567 1311 603 512,
1327 567 1345 596 2
1366 577 1430 605 sqq.
1450 571 1549 597 tecum

207 604 341 633 cenando
363 605 514 634 subintrat
535 604 670 634 Christus
690 606 751 634 AB.
773 623 811 627 —
833 604 885 640 6b,
907 604 924 633 2
945 615 988 643 sq.
1011 608 1080 634 risit
1099 615 1168 634 earo
1192 607 1318 635 daemon
1339 608 1425 635 siluit
1443 617 1548 644 pressa

207 644 266 672 AB.
295 658 333 662 —
359 641 410 679 8a,
432 641 450 672 3
472 644 611 682 gentibus
632 645 774 672 idoneum
793 646 827 673 Β,
847 659 885 663 -
905 645 1050 673 Melodie:
1073 645 1314 682 Symphonia.
1348 647 1406 674 Die
1420 645 1547 675 Stamm-

206 690 337 718 sequena
357 682 489 711 Notkers
510 682 647 718 gleichen
668 683 819 719 Anfanges
841 684 895 711 auf
915 683 1089 712 Purifieatio
1115 684 1209 712 BMV.
1231 686 1273 712 ist
1293 685 1393 713 derart
1413 685 1457 712 als
1472 686 1546 713 Vor-

204 721 273 757 lage
294 720 424 755 benutzt,
457 722 521 750 dass
543 723 649 749 immet
669 722 717 749 die
736 722 988 759 Eingangsworte
1003 723 1088 758 jeder
1107 723 1232 750 Klausel
1261 723 1396 751 entlehnt
1417 724 1548 759 wurden,

207 759 255 787 bei
279 757 337 786 Str.
362 758 375 786 1
398 769 427 787 u.
449 759 492 788 7b
514 768 604 796 sogar
625 762 804 796 wortgetreu
826 758 885 788 fast
905 761 953 789 die
973 770 1067 798 ganze
1089 761 1225 798 Strophe.

638 913 699 945 196.
731 914 776 946 De
796 914 905 946 sancto
928 913 1120 947 Geminiano.

216 1017 277 1049 la.
306 1014 472 1047 Glorietur
497 1014 697 1047 laetabunda
917 1015 974 1049 lb.
1003 1016 1041 1049 In
1067 1015 1208 1049 adventu
1234 1017 1284 1048 sui
1311 1016 1412 1057 ducis,

302 1063 407 1096 Facta
435 1064 514 1096 satis
542 1066 575 1094 et
598 1063 740 1096 iucunda
1004 1064 1170 1097 Amatoris
1197 1074 1293 1097 verae
1317 1066 1411 1106 lucis,

353 1112 551 1144 Mutinensis
576 1112 683 1144 contio
1052 1112 1144 1145 Festi
1172 1122 1241 1145 cum
1269 1114 1425 1154 tripudio.

215 1201 276 1233 2a.
305 1198 369 1230 Hic
395 1207 433 1231 ex
462 1207 560 1231 carne
585 1199 782 1231 Mutinensis
916 1200 975 1233 2b.
1003 1200 1204 1232 Adulescens
1230 1202 1356 1241 spernit
1381 1210 1474 1240 vana,

302 1246 400 1279 Nunc
422 1248 455 1279 in
485 1247 574 1280 caelo
600 1245 696 1279 fortis
722 1249 807 1280 ensis
1003 1249 1048 1282 Ut
1078 1256 1138 1289 per
1164 1257 1234 1280 eum
1260 1249 1354 1290 plebs
1379 1250 1544 1282 mundana

303 1295 424 1328 Exstat
449 1296 547 1328 rebus
573 1296 607 1328 in
632 1296 798 1328 immensis
1007 1297 1111 1330 Deum
1139 1297 1225 1329 colat
1250 1301 1282 1330 et
1307 1307 1427 1330 arcana

350 1345 525 1377 Praesenti
551 1344 697 1385 collegio.
1055 1345 1231 1386 Largiatur
1256 1346 1375 1379 unctio.

212 1436 273 1468 3a.
301 1433 369 1465 Iam
399 1431 610 1464 Geminianus
915 1433 976 1467 3b.
1004 1433 1126 1466 Christi
1150 1433 1243 1465 miles
1270 1432 1364 1466 fortis

349 1480 472 1513 Literis
499 1482 645 1523 ornatur,
1054 1481 1148 1514 Clero
1175 1482 1326 1526 sociatur,

301 1528 400 1561 Cuius
428 1527 523 1561 fortis
549 1538 663 1561 manus
1004 1530 1178 1562 Amatores
1204 1531 1318 1563 mortis

350 1577 523 1618 Nunquam
548 1575 719 1622 fatigatur,
1052 1579 1193 1613 Cunctos
1218 1583 1422 1620 aspernatur,

398 1626 446 1659 Ut
468 1634 578 1659 omnes
606 1630 771 1661 curentur.
1101 1627 1149 1661 Ut
1173 1629 1417 1663 resuscitentur.

209 1719 271 1750 4a.
300 1714 431 1754 Pauper
457 1714 654 1757 consolatur,
915 1714 976 1748 4b.
1003 1715 1125 1747 Forma
1150 1715 1332 1757 decoratur,

349 1763 431 1803 Quia
455 1763 675 1802 sublevamen,
1051 1763 1210 1797 Castitate
1234 1762 1339 1806 floret,

300 1811 416 1844 Nudus
442 1812 633 1852 adornatur,
999 1813 1052 1844 Ac
1076 1821 1166 1845 mens
1191 1822 1255 1845 non
1282 1817 1464 1856 quassatur,

347 1860 431 1893 Nam
458 1861 531 1902 ipse
552 1861 712 1902 juvamen,
1050 1861 1083 1894 Si
1109 1863 1246 1901 peccata
1269 1862 1379 1902 ploret

299 1909 425 1951 Quique
451 1909 645 1951 infirmatur,
1003 1910 1123 1953 Plebis,
1152 1910 1320 1954 gloriatur,

346 1958 458 1991 Habet
485 1959 684 1992 delectamen
1051 1959 1218 1993 Christum
1244 1959 1272 1991 si
1298 1960 1415 1992 adoret

394 2009 425 2041 A
453 2007 656 2043 Geminiano.
1100 2007 1241 2040 Consilio
1266 2017 1355 2043 sant).

209 2101 227 2133 5
242 2108 270 2131 a.
299 2097 363 2130 Hic
389 2096 601 2130 Laurentium
627 2097 727 2130 levita
913 2096 973 2130 5b.
1002 2096 1070 2136 Quo
1098 2095 1252 2130 defuncto
1277 2096 1332 2129 hic
1359 2098 1526 2139 clamatur,

297 2146 421 2179 Factus
447 2146 595 2179 imitatur
619 2146 681 2178 ita:
1000 2145 1109 2187 Fugit,
1136 2146 1227 2187 latet,
1255 2151 1439 2187 revocatur,

299 2195 363 2228 Ille
389 2195 486 2236 Systo
512 2199 549 2227 ut
573 2195 607 2227 in
634 2195 710 2234 vita,
1001 2194 1107 2228 Favet
1131 2195 1274 2236 tandem,
1301 2196 1510 2237 praesulatur

345 2244 456 2277 Servit
480 2244 534 2277 hic
557 2243 711 2276 Antonio.
1048 2245 1100 2277 Ac
1125 2243 1219 2276 sedet
1243 2243 1277 2276 in
1303 2245 1395 2278 solio.

206 2334 268 2368 ea.
297 2333 386 2366 Petri
414 2333 540 2375 quaerit
567 2332 779 2375 mansionem,
910 2332 972 2366 9b.
997 2333 1037 2366 In
1064 2332 1200 2365 excelsis
1228 2332 1365 2365 daemon
1393 2330 1491 2374 fatur,

298 2381 361 2415 Ubi
387 2386 462 2423 post
488 2381 668 2415 orationem
999 2381 1142 2422 Quaerit,
1170 2390 1271 2422 quare
1295 2382 1496 2425 molestatur,

296 2429 471 2463 Daemonis
494 2430 742 2471 temptationem
1000 2431 1079 2464 Post
1103 2430 1185 2462 haec
1210 2428 1293 2471 fugit
1320 2433 1353 2462 et
1373 2429 1517 2462 minatur

343 2479 452 2520 Fugat
477 2489 549 2512 cum
577 2480 765 2521 daemoni03
1046 2479 1136 2513 Dare
1161 2479 1248 2511 hunc
1273 2479 1382 2513 exiti0.
