1656 2690
752 124 1017 160 —171—

221 216 281 249 2a.
311 215 418 260 Salve,
445 221 556 251 noster
580 221 779 261 patriarcha,
919 223 980 256 ab.
1006 223 1134 264 Lingua
1158 232 1275 265 nempe
1299 222 1489 266 laudatoris,

308 265 368 304 Qui
394 268 528 299 salvasti
556 277 613 301 nos
636 269 669 301 in
695 279 782 310 arca,
1006 272 1199 305 Peritissimi
1224 272 1364 304 doctoris

308 313 431 347 Cuncta
456 316 542 348 mala
565 319 677 350 nostra
705 320 796 351 calca
1005 320 1077 352 Nec
1101 324 1218 353 metam
1244 321 1292 352 tui
1318 319 1457 352 fervoris

358 362 436 395 Tuis
462 365 643 403 praeclaris
669 367 804 400 meritis
1056 368 1251 402 Collaudare
1275 368 1407 401 sufficit.

220 449 239 481 :3
252 457 279 481 a.
309 448 424 482 Nudus
451 451 572 484 nudum
600 461 633 484 es
659 458 787 487 secutus
921 454 980 487 3b.
1009 454 1131 495 Quibus
1158 455 1304 488 omnibus
1332 456 1505 497 despectis,

312 497 485 543 Christum,
494 502 638 540 gaudens
648 503 850 543 valdetutus,
1006 503 1233 537 Calciamentis
1259 504 1408 544 abiectis,

310 545 388 578 Post
414 556 486 580 eum
508 550 617 590 pergis
635 560 699 583 non
718 551 850 584 indutus
1007 552 1105 584 Veste
1129 553 1214 591 rudi,
1244 552 1366 585 chorda
1395 552 1507 584 electis

355 595 475 630 Mundi
500 597 593 630 huius
619 599 745 638 opibus,
1057 599 1250 633 Crucifixum
1278 600 1434 641 sequeris.

223 683 284 714 4a.
314 682 544 723 Paupertatem
570 686 771 726 desponsasti
918 685 979 718 4b.
1007 686 1037 718 A
1064 686 1251 719 criminibus
1279 689 1448 728 remotum,

307 729 352 761 Et
370 740 451 771 prae
476 734 600 766 cunctis
627 742 696 766 eam
722 736 849 774 amasti,
1006 734 1150 767 Divinali
1175 736 1250 776 igne
1275 734 1377 767 fotum

309 777 481 819 Nunquam
509 779 573 814 fuit
596 782 710 822 regina
733 783 851 816 Vasthi
1007 783 1296 823 Apostolicnmque
1319 787 1424 816 totum

356 827 429 859 Tali
454 828 579 861 honore
603 831 765 871 praedita.
1055 830 1103 862 Te
1126 832 1255 863 vocavit
1278 831 1448 864 Dominus.

220 915 281 948 5a.
309 914 422 948 Proles
449 916 552 958 gignis
578 920 611 950 te
634 921 817 961 sequentes,
919 917 979 950 5b.
1009 918 1128 957 Corpus
1161 921 1261 960 tuum,
1288 927 1386 959 saepe
1413 919 1546 959 lassum,

309 963 426 996 Totum
454 965 565 998 orbem
592 967 820 1010 adimplentes,
1006 966 1084 999 Post
1098 967 1285 1007 magistrum
1298 975 1392 999 cruce
1402 976 1546 1007 passum,

311 1010 432 1048 Christi
460 1014 559 1053 gestis
586 1015 812 1059 adhaerentes,
1006 1015 1127 1047 Tendit
1153 1024 1281 1047 cursum
1305 1025 1369 1048 non
1385 1015 1547 1047 incassum

358 1060 404 1093 Ut
430 1063 587 1103 exemplis
613 1064 779 1103 panditur.
1055 1061 1199 1103 Sequens
1226 1072 1284 1095 sua
1308 1063 1455 1104 vestigia.

222 1147 280 1180 6a.
309 1147 346 1179 In
372 1149 509 1181 Alverni
535 1153 643 1183 monte
670 1151 801 1195 degens,
920 1149 978 1184 eb.
1007 1151 1065 1191 Qui
1092 1150 1239 1191 patibulo
1265 1151 1435 1192 pependit,

312 1195 447 1229 Crucem
475 1197 605 1231 Domini
632 1200 802 1241 perlegens
1005 1199 1058 1231 Ex
1085 1199 1222 1241 Olympo
1248 1209 1323 1231 mox
1352 1199 1520 1232 descendit

309 1243 354 1275 Et
375 1246 548 1285 gemitibus
573 1250 606 1279 te
631 1256 747 1288 regens
1006 1248 1106 1280 Mane
1131 1248 1269 1288 quodam
1298 1251 1328 1280 et
1355 1248 1502 1281 ostendit

357 1293 509 1327 Meruisti
535 1297 701 1337 stigmata.
1055 1295 1129 1328 Tibi
1156 1305 1298 1328 amorem
1325 1296 1513 1339 maximum,

222 1380 240 1412 7
254 1389 284 1413 a.
311 1380 495 1415 Crucifixus
521 1385 555 1416 et.
578 1384 694 1428 alatus,
922 1382 982 1415 7b.
1008 1383 1208 1423 Disparente
1232 1384 1358 1416 visione

311 1429 358 1462 Ut
384 1429 509 1470 Seraph
533 1432 649 1471 pennis
675 1433 810 1474 velatus,
1007 1432 1153 1472 Eiusque
1178 1433 1341 1464 locutione

309 1476 427 1511 Statim
454 1483 560 1512 tecum
584 1481 789 1520 amplexatus
1009 1480 1126 1513 Statim
1152 1480 1192 1513 ab
1218 1481 1433 1521 impressione

358 1526 459 1560 Vultu
484 1538 618 1562 amoeno
645 1533 679 1561 et
702 1530 811 1563 hilari.
1060 1528 1255 1562 Cicatricum
1281 1529 1435 1562 laederis.

219 1613 279 1648 Sa.
306 1615 346 1649 ln
371 1618 404 1647 te
429 1617 546 1657 plagae
572 1621 788 1660 remanenteS,
923 1616 982 1651 81).
1012 1616 1077 1650 Sed
1105 1617 1146 1649 de
1173 1617 1273 1649 clavis
1298 1617 1383 1649 mire
1408 1615 1516 1660 factis,

307 1664 426 1697 Manus
452 1665 618 1706 pedesque
643 1664 826 1707 affligentes
1005 1665 1116 1698 Nervo
1145 1665 1224 1698 duro
1250 1666 1314 1697 iam
1340 1666 1494 1707 peractis,

309 1711 401 1745 Sicut
425 1714 522 1755 latus,
549 1718 586 1746 ut
612 1714 759 1747 videntes
1007 1715 1126 1747 Parum
1154 1715 1296 1754 desuper
1323 1714 1477 1747 extractis

358 1762 466 1795 Verbo
493 1765 581 1795 certo
605 1764 808 1804 praedicant.
1055 1762 1146 1795 Idem
1172 1766 1273 1795 testes
1297 1765 1452 1795 asserunt,

219 1849 281 1883 ea.
309 1848 360 1881 ‘ru
387 1858 420 1881 es
448 1858 525 1890 ergo
552 1851 641 1883 caelo
667 1851 794 1892 missus,
919 1851 976 1885 9b.
1005 1851 1178 1891 Nunquam
1214 1849 1277 1883 hoc
1302 1848 1367 1884 fuit
1391 1850 1549 1893 auditum,

307 1895 387 1932 Sine
413 1907 510 1931 cruce
536 1898 719 1944 crucifixus,
1007 1899 1253 1932 Sacramentum
1278 1899 1344 1931 tale
1371 1899 1498 1942 scitum,

305 1948 342 1981 In
371 1956 434 1989 quo
460 1948 551 1989 signo
576 1949 640 1982 iam
663 1950 800 1990 abyssus
1005 1948 1078 1981 Hoc
1104 1957 1166 1989 que
1192 1949 1310 1981 donum
1336 1946 1499 1980 infinitum

354 1995 562 2030 Secretorum
587 1998 753 2038 panditur.
1053 1998 1207 2031 Praestat
1233 1997 1356 2029 cunctis
1382 1997 1549 2037 gaudium.

209 2085 288 2119 lOa.
307 2084 404 2117 Pater
429 2084 529 2127 igitur
554 2085 742 2128 Francisce,
909 2086 953 2120 10
965 2086 1054 2120 b.Ut
1079 2095 1099 2117 a
1125 2086 1230 2126 culpis
1259 2094 1409 2117 eruamur

304 2133 367 2173 Qui
390 2134 526 2167 laetaris
550 2134 716 2174 recepisse
1005 2134 1202 2175 Meritisque
1225 2134 1399 2167 induamur

308 2182 431 2215 Christi
457 2183 582 2225 plagas,
610 2181 674 2225 fac,
700 2188 737 2216 ut
754 2185 847 2225 ipsae
1005 2185 1057 2216 Ac
1081 2183 1115 2215 in
1140 2184 1238 2216 caelis
1264 2182 1473 2223 perfruamur

351 2232 485 2265 Prosint
509 2232 603 2265 nobis
630 2233 789 2273 omnibus,
1055 2232 1269 2273 Sempiternis
1294 2232 1421 2274 opibus.

281 2330 366 2358 Miss.
379 2338 432 2358 ms.
444 2330 712 2358 Franciscanorum
722 2329 928 2359 Melitensium
940 2326 1105 2358 ann11506.
1128 2328 1198 2357 Cod.
1212 2329 1279 2357 Vat.
1288 2329 1427 2358 Ottobon.
1439 2326 1551 2357 221.-

205 2366 261 2403 310,
277 2367 295 2398 3
310 2371 341 2397 et
353 2369 473 2397 chorda.
490 2385 527 2389 ——
543 2367 596 2406 51³,
614 2367 627 2397 1
641 2370 722 2406 quod
735 2378 834 2405 saepe.
849 2385 887 2390 —
903 2368 919 2398 6
930 2377 955 2402 a,
974 2367 988 2396 1
1003 2369 1142 2397 Alverne.
1156 2384 1196 2388 —
1210 2367 1262 2402 7b,
1280 2367 1295 2396 1
1311 2369 1501 2405 Disperante.
1512 2381 1550 2386 ——

205 2406 256 2442 910,
278 2406 297 2437 3
318 2407 387 2438 Hoc
412 2408 532 2436 donum.
567 2425 603 2429 —
638 2408 835 2445 „Subscripta
858 2416 950 2445 prosa
970 2408 1007 2436 ab
1029 2407 1157 2436 ecclesia
1177 2408 1361 2445 approbatur
1379 2409 1409 2435 et
1427 2405 1466 2435 40
1487 2407 1550 2435 dies

203 2447 460 2485 indulgentiarum
486 2456 523 2477 ex
544 2448 705 2477 devotione
726 2448 895 2477 dicentibus
917 2444 1144 2475 concedunturf‘
