1656 2690
187 277 246 311 ia.

188 452 247 482 2a.

185 624 245 657 aa.

184 798 245 829 421..

186 971 246 1002 5a.

185 1143 243 1175 62.

187 1315 245 1346 7a.

182 1487 239 1519 8a.

181 1661 241 1694 9a.

156 1834 198 1868 10
214 1844 242 1868 a.

157 2009 238 2043 lla.

154 2181 198 2215 12
209 2191 238 2217 a.

691 124 953 159 —236ffl

570 218 630 248 271.
661 216 705 249 De
725 218 835 249 sancto
857 217 1062 250 Pantaleone.

273 278 374 317 Quam
391 277 534 309 aeternis
548 277 676 318 dignam
692 278 786 310 donis

273 326 369 357 Fecit
394 325 451 357 dos
476 325 717 368 PanthaleoniS,

323 373 447 417 Gaude,
474 372 676 414 Nicomedia,

277 450 380 484 Claris
406 458 488 489 puer
513 453 602 482 ortus
628 450 697 483 avis

272 498 444 530 Mansuete
469 498 607 539 simplex
632 498 701 532 avis

319 546 436 579 Servat
459 547 688 589 innocentiam,

275 623 430 656 Generosi
455 624 543 656 nitor
566 625 674 656 vultus

276 672 423 704 Puritate
446 673 562 704 mentis
589 671 689 705 fultus

321 722 459 753 Puerum
484 720 632 762 irradiat,

273 798 323 830 De
349 797 471 830 carnali
494 797 656 830 medicina

271 845 404 877 Transit
428 853 521 877 sacer
546 846 587 878 ad
617 845 725 878 divina

314 893 462 925 Medicus
486 894 630 926 remedia

273 970 360 1002 Mira
386 970 488 1001 virtus
515 973 565 1002 est
588 971 758 1008 medentis,

270 1018 405 1050 Morbos
431 1018 513 1049 enim
541 1017 632 1059 fugat
655 1018 772 1050 mentis

320 1066 448 1097 Pariter
473 1069 505 1097 et
530 1075 711 1107 corporum,

273 1142 392 1174 Rerum
417 1142 512 1174 heres
537 1146 745 1183 paternarum

267 1190 374 1222 Herus
400 1192 515 1232 potens
541 1190 578 1223 fit
601 1200 709 1223 earum

318 1238 417 1271 Pater
442 1237 546 1270 factus
572 1247 762 1282 pauperum,

274 1315 385 1356 Surgit
409 1324 491 1354 puer
514 1316 576 1347 hoc
599 1316 739 1356 iubente,

270 1363 329 1402 Qui
354 1371 526 1403 percussus
553 1373 572 1396 a
594 1367 745 1405 serpente

318 1412 435 1444 Mortis
460 1412 534 1452 iugo
560 1412 707 1452 suberat;

266 1487 311 1519 Et
337 1487 478 1520 exsultat
502 1492 626 1530 martyr
653 1488 766 1531 factus,

269 1535 334 1568 Sed
362 1536 506 1569 desaevit
529 1538 579 1570 ira
606 1541 709 1570 tactus

313 1584 496 1625 Imperator
521 1586 636 1619 aerius.

266 1661 461 1694 Meritorum
486 1662 561 1695 huic
585 1664 678 1695 testis

266 1709 312 1741 Et
336 1718 474 1743 coronae
498 1720 561 1743 vox
588 1711 736 1744 caelestis

314 1758 371 1791 Fit
396 1767 435 1790 ex
459 1768 542 1792 novo
568 1760 706 1800 nomine,

269 1836 323 1868 Ad
350 1836 544 1869 laedendum
570 1837 673 1870 laetus
690 1837 780 1870 lenta

265 1884 399 1917 Transit
411 1887 536 1925 martyr
548 1894 609 1926 per
620 1889 781 1918 tormenta

314 1932 478 1974 Superans
507 1933 673 1978 divinitus,

266 2010 326 2042 Isti
351 2018 441 2042 mare
466 2010 554 2043 cedit
578 2011 658 2051 viro,

267 2057 345 2090 Saxi
369 2058 470 2090 moles
496 2062 584 2091 motu
609 2059 691 2091 miro

314 2106 418 2147 Super
442 2107 546 2139 undas
573 2107 716 2147 vehitur3

264 2182 374 2215 Primo
401 2183 494 2215 caedi
517 2185 622 2217 nescit
647 2194 734 2228 ense,

265 2231 330 2263 Per
353 2231 527 2263 seeundum
555 2233 625 2265 adit
647 2241 780 2265 mensae

314 2279 472 2312 Caelitum
498 2281 664 2321 convivia;

881 281 938 315 lb.

881 453 941 486 2b.

881 624 939 658 3b.

878 798 936 831 4b.

878 971 937 1005 5b.

879 1143 938 1177 db.

875 1317 934 1350 7b.

875 1489 935 1522 8b.

874 1664 934 1697 eb.

852 1837 935 1871 10b.

848 2012 933 2046 11b.

847 2186 931 2220 1210.

966 280 1004 312 In
1029 290 1095 321 qua,
1116 283 1211 313 natus
1237 282 1288 311 est
1312 281 1346 311 et
1366 288 1482 319 passus

967 329 1031 360 Per
1048 329 1204 361 virtutum
1221 329 1348 368 martyr
1365 336 1481 367 passus

1014 377 1135 409 Vectus
1162 376 1205 409 ad
1233 375 1395 407 caelestia.

969 452 1039 484 Nec
1064 453 1199 485 dimittit
1219 452 1305 485 hanc
1330 451 1472 494 adultus,

966 500 1005 532 In
1031 503 1196 532 crescente
1219 499 1283 533 Dei
1310 500 1415 532 cultus

1016 547 1141 581 Crescit,
1165 556 1286 590 augens
1310 548 1460 588 gratiam.

966 624 1074 657 Rubet
1099 625 1200 666 genis,
1226 622 1342 664 flagrat
1367 623 1443 664 fide,

967 673 1030 705 Per
1055 682 1151 714 quam
1177 674 1262 705 vires
1288 673 1470 705 homicidae

1015 720 1152 762 Frangit
1179 725 1212 754 et
1235 721 1393 754 humiliat.

963 798 1009 829 Et
1033 797 1177 830 infirmos
1204 800 1297 830 curat
1319 798 1432 840 gratis⁷

966 845 1050 884 Quos
1077 849 1240 878 emunctos
1265 845 1479 886 Hippocratis

1013 894 1192 926 Laeserant
1216 894 1349 926 auxilia.

967 971 1090 1002 Passim
1117 972 1221 1010 pascit
1246 970 1443 1012 indigentes,

966 1017 1045 1050 Cibo
1072 1028 1200 1059 corpus,
1226 1017 1325 1050 verbo
1342 1022 1478 1061 mentes,

1013 1067 1129 1099 Pastor
1154 1067 1216 1099 Dei
1240 1075 1404 1107 pecorum.

964 1142 1089 1175 Mundo
1116 1151 1212 1175 carne
1236 1147 1447 1176 conversatur

963 1191 1007 1223 Et
1031 1190 1163 1223 anhelat
1190 1194 1222 1223 et
1246 1191 1374 1223 levatur

1014 1238 1076 1271 Cor
1100 1240 1141 1272 ad
1168 1240 1237 1272 alta
1261 1239 1408 1273 liberum.

963 1316 1103 1357 Serpens
1115 1320 1236 1359 crepat,
1251 1325 1364 1349 caecus
1374 1318 1475 1359 videt,

960 1364 1094 1404 Spernit
1115 1366 1191 1397 deos
1218 1368 1250 1397 et
1273 1365 1392 1398 irridet

1010 1412 1162 1455 Surgens,
1189 1414 1241 1455 qui
1266 1414 1446 1454 languerat.

963 1489 1034 1529 Igni
1060 1493 1190 1523 sanctus
1216 1491 1411 1531 applicatur,

960 1538 1061 1579 Vigor
1086 1539 1176 1571 cuius
1202 1539 1388 1571 annullatur

1007 1587 1111 1619 Actus
1136 1588 1186 1619 sui
1211 1587 1348 1622 nescius

961 1663 1063 1703 Opem
1087 1663 1152 1696 Dei
1175 1665 1360 1697 miserentis

961 1711 1003 1744 Ei
1028 1712 1192 1752 spondens
1217 1714 1251 1745 in
1276 1714 1447 1746 tormentis

1009 1760 1055 1792 Et
1078 1770 1256 1801 poenarum
1281 1761 1419 1795 turbine.

963 1837 1057 1878 Pugil
1083 1838 1178 1870 fortis
1205 1841 1238 1870 et
1261 1838 1409 1880 insignis,

962 1886 1020 1926 Qui
1046 1886 1199 1918 virtutem
1222 1887 1325 1918 vincit
1348 1887 1433 1928 ignis

1007 1935 1087 1974 lgne
1112 1936 1216 1967 sancti
1242 1935 1388 1975 spiritus

961 2011 1028 2044 Lac
1050 2013 1205 2053 propinat
1227 2012 1400 2056 iugulatus,

959 2061 1022 2093 Per
1047 2061 1132 2101 quod
1158 2065 1246 2093 serto
1271 2061 1438 2094 laureatus

1010 2109 1167 2149 Virginali
1193 2109 1348 2143 noscitur.

958 2187 1059 2227 Quem
1083 2187 1136 2227 qui
1160 2188 1216 2227 pie
1239 2195 1443 2228 veneramur,

956 2234 1007 2267 Eo
1034 2235 1115 2267 duee
1139 2234 1347 2274 perfruamur

1006 2283 1194 2315 Eorundem
1220 2282 1335 2324 gloria.

219 2346 304 2374 Miss.
327 2355 381 2374 ms.
404 2345 588 2376 civitatense
608 2356 685 2376 saec.
708 2345 751 2375 14.
776 2348 846 2376 Cod.
870 2349 1029 2377 civitaten.
1053 2349 1167 2377 LXXX
1186 2346 1246 2385 (13)
1268 2350 1304 2376 A.
1326 2365 1364 2369 —
1384 2351 1475 2388 Trop.

143 2387 174 2412 et
193 2383 330 2422 Sequent.
353 2395 407 2414 ms.
429 2384 613 2414 civitatense
633 2395 709 2415 saec.
733 2385 777 2414 14.
819 2387 890 2415 God.
911 2387 982 2416 LVI
1003 2385 1062 2422 (20)
1082 2388 1116 2415 B.
1142 2403 1182 2407 ——
1209 2388 1297 2416 Grad.
1319 2398 1372 2417 ms.
1395 2389 1475 2418 Civi-

142 2426 259 2454 tatense
279 2433 355 2453 saec.
378 2423 423 2452 14.
444 2426 485 2453 in.
517 2425 587 2453 Cod.
611 2425 769 2454 Civitaten.
790 2425 900 2454 LVIH.
922 2427 953 2456 G.
975 2441 1013 2445 —
1036 2425 1085 2460 la,
1102 2425 1116 2454 1
1139 2427 1262 2464 dignum
1279 2429 1311 2456 B.
1331 2444 1372 2448 —
1394 2427 1474 2464 1b‚2

141 2465 283 2493 virtutem
303 2465 339 2493 A.
360 2481 397 2485 —
418 2462 470 2498 6b,
492 2462 510 2491 2
533 2465 592 2493 Sed
611 2466 671 2493 BC.
693 2479 728 2483 -
750 2463 805 2498 7b,
826 2463 844 2492 2
864 2466 946 2494 Deus
966 2465 1002 2494 A.
1023 2480 1060 2485 —
1084 2465 1152 2502 lla,
1174 2467 1189 2496 1
1211 2467 1320 2496 cedunt
1339 2469 1375 2496 A.
