1656 2690
697 119 935 155 —58—

221 220 308 249 Grad.
336 229 391 248 ms.
411 220 450 247 Pr
490 227 558 247 ense
583 226 660 245 saec.
688 215 732 246 18.
775 216 844 245 cod.
869 217 994 254 Pragen.
1015 216 1075 244 VII
1104 215 1132 243 A
1154 214 1199 244 13.
1226 229 1263 235 -
1290 213 1316 249 1,
1338 213 1471 243 ZMaria

142 259 227 295 virgo
248 267 331 295 pura.
357 272 396 277 —-
423 256 448 292 1,
509 257 609 285 Maria
630 256 712 284 fehlt.
744 273 779 276 —
798 255 875 283 Mel:
896 256 971 284 Ave
990 255 1191 293 praeclara
1211 255 1325 283 maris
1347 254 1474 281 stella.

140 297 201 362 ξεν
223 298 292 363 ἔξω.
318 296 514 325 stellenweise
548 295 721 332 nachlassig
756 293 817 322 und
856 303 950 331 gegen
978 295 1027 322 die
1054 294 1200 328 Melodie,
1238 292 1421 321 namentlich
1443 294 1476 320 in

167 338 202 363 tr.
243 356 250 363 .

584 445 632 477 55.
662 445 699 477 In
718 445 912 477 visitatione
933 446 1022 478 BMV.

149 539 210 571 ia.
239 537 364 578 Virgini
391 536 595 570 christiferae
849 536 908 569 lb.
936 536 1024 576 Quae
1049 545 1130 576 prae
1157 535 1280 568 cunctis
1307 544 1469 576 prospere

236 586 319 618 Toto
346 586 444 618 corde
467 586 571 618 libere
934 585 1020 616 Huic
1044 584 1131 616 vitae
1154 584 1293 616 miserae

239 634 367 667 Serviat
391 642 614 674 praepropere
936 632 1147 673 Splendidior
1172 632 1281 665 sidere

284 681 385 715 Plebs
412 682 548 727 devota3
984 679 1105 721 Fulget
1126 683 1206 714 tota.

149 771 209 802 2a.
236 769 328 802 Haec
355 769 429 801 dum
457 771 544 801 Ave
569 770 712 810 suscepit
848 767 909 801 2b.
936 769 1016 801 Mox
1041 770 1194 801 montana
1217 768 1301 801 adiit

237 818 281 850 Et
306 817 406 850 Fiat
431 816 494 850 fari
521 818 637 857 coepit,
934 817 981 849 Et
1006 816 1133 849 domum
1158 816 1286 849 introiit

239 866 381 898 Verbum
406 867 510 906 patris
536 866 685 905 concepit
933 865 1120 903 Zachariae,
1147 865 1244 905 petiit

289 915 329 947 111
355 913 533 946 Nazareth.
982 913 1164 946 Elisabeth.

153 1002 212 1034 3a.
240 1002 304 1033 Ast
328 1000 383 1033 ubi
409 1001 544 1040 gradum
569 999 651 1041 fixit,
850 999 910 1033 3b.
935 1000 1034 1032 Miles
1060 1009 1168 1041 regem
1192 1000 1379 1040 praescivit,

241 1049 402 1090 Cognatae
428 1048 554 1081 Salve
581 1049 672 1087 dixit,
935 1048 1019 1080 Dum
1045 1051 1182 1080 matrem
1208 1048 1359 1088 erudivit,

239 1095 352 1129 Infans
376 1096 410 1128 in
437 1100 549 1129 ventre
574 1097 682 1137 gliscit
935 1096 988 1128 Ex
1014 1105 1075 1136 quo
1101 1105 1212 1128 vocem
1239 1096 1374 1139 audivit,

285 1144 463 1177 Exsultare
472 1155 480 1185 ς
982 1145 1177 1177 Exclamare
1187 1157 1194 1178 :

153 1234 214 1265 42.
246 1232 292 1275 „O
319 1231 409 1272 virgo
435 1231 619 1274 benedicta,
849 1231 909 1265 41³.
943 1231 1036 1275 „Non
1061 1240 1112 1263 me
1137 1232 1240 1272 decet,
1269 1232 1407 1270 domina,

243 1281 342 1314 Cuius
364 1279 488 1312 fructus
515 1285 563 1313 est
588 1279 651 1314 ita!
939 1280 983 1313 Ut
1008 1280 1146 1312 ancillae
1171 1280 1283 1312 limina

243 1329 341 1362 Unde
366 1328 445 1360 mihi
470 1330 596 1368 merita,
938 1329 1002 1360 Per
1025 1330 1080 1359 tua
1105 1329 1262 1361 solamina

290 1377 335 1410 Ut
359 1376 485 1408 venires
494 1375 530 1408 ?“
986 1374 1231 1411 praeveniresf‘

158 1467 216 1498 5a.
244 1463 319 1504 Sed,
349 1471 421 1495 cum
449 1466 540 1496 tanta
567 1463 694 1505 diceriS,
851 1464 910 1497 5b.
937 1464 1032 1497 Nunc
1057 1473 1211 1497 succurre
1235 1464 1372 1507 miseris,

241 1511 380 1544 Humilis
408 1510 558 1553 efficeris,
937 1512 1032 1551 Nam,
1061 1522 1139 1552 quos
1165 1513 1359 1551 visitaveris,

241 1561 445 1600 Quapropter
471 1560 653 1593 cantaveris
937 1560 1100 1601 Splendor
1125 1562 1206 1593 tanti
1232 1561 1349 1593 sideris

290 1608 327 1641 M
338 1617 358 1641 a
367 1618 387 1649 g
396 1618 416 1640 n
425 1608 437 1639 i
445 1607 461 1640 f
467 1608 478 1640 i
489 1617 506 1640 c
514 1618 534 1641 a
542 1612 563 1640 t.
988 1608 1168 1644 Laetificat.

221 1713 339 1741 Prasar.
367 1721 421 1740 ms.
451 1713 687 1741 Caelestinorum
715 1716 786 1742 anni
814 1711 896 1742 1532.
933 1715 1004 1743 Cod.
1025 1714 1169 1742 Mazarin.
1190 1713 1248 1743 448
1268 1712 1355 1751 (758).
1378 1717 1414 1744 A.
1441 1732 1478 1736 —-

144 1751 263 1779 Prosar.
284 1761 338 1780 ms.
358 1751 560 1780 Ambiauense
581 1750 659 1784 (Gul.
680 1753 786 1788 Lovel)
807 1754 878 1781 anni
900 1751 983 1781 1572.
1020 1753 1091 1781 Cod.
1113 1754 1288 1782 Ambianen.
1305 1752 1369 1782 132.
1385 1756 1419 1782 B.
1441 1770 1478 1775 ——

142 1790 225 1818 Miss.
241 1791 408 1818 Romanum
428 1793 497 1828 imp.
513 1792 638 1819 Parisiis
662 1790 745 1819 1517.
762 1791 792 1820 O.
814 1806 851 1810 —
871 1793 955 1821 Miss.
972 1793 1138 1821 Romanum
1159 1795 1230 1829 imp.
1244 1793 1370 1821 Parisiis
1394 1792 1477 1822 1523.

145 1828 181 1856 D.
203 1843 241 1847 —
261 1831 344 1858 Miss.
365 1829 532 1857 Romanum
554 1827 811 1866 [Franciscanum]
831 1831 902 1867 imp.
923 1832 1063 1868 Lugduni
1086 1829 1169 1859 1535.
1191 1832 1227 1859 Ε.
1251 1846 1285 1850 -
1308 1830 1360 1866 23,
1383 1831 1401 1860 2
1421 1833 1477 1861 fari

142 1866 212 1894 Fiat
231 1867 267 1894 E.
318 1885 332 1888 -
357 1865 408 1902 2b,
431 1866 449 1895 2
469 1869 606 1897 introivit
624 1870 658 1897 Β.
687 1885 724 1889 -
752 1868 803 1901 5a,
827 1867 845 1895 2
864 1870 1003 1898 Humiles
1023 1869 1059 1896 E.
1087 1884 1126 1888 —
1152 1869 1204 1903 51³,
1226 1871 1240 1898 l
1263 1870 1353 1898 Hunc
1373 1871 1408 1898 E.
1439 1886 1458 1891 —

144 1903 198 1939 5b,
221 1904 239 1932 2
260 1907 338 1941 Quia
358 1915 432 1943 quos
453 1907 519 1935 DE.
540 1923 578 1928 -—-
598 1907 729 1935 Melodie
745 1907 920 1943 jedenfalls:
941 1908 1087 1936 Mariae
1107 1909 1321 1944 praeconio.

596 2047 642 2079 56.
673 2048 711 2079 In
731 2047 924 2080 Visitatione
944 2049 1032 2080 BMV.

155 2140 214 2172 la.
242 2140 366 2178 Lauda,
395 2138 482 2179 Sion,
510 2140 715 2177 salvatorem,
843 2140 900 2172 lb.
929 2139 1043 2172 Lauda
1067 2143 1203 2173 matrem
1230 2140 1438 2183 singularem,

243 2187 303 2226 Qui
329 2187 442 2219 salutis
467 2196 714 2227 praecursorem
929 2190 1017 2228 (guae
1041 2187 1107 2220 fert
1132 2188 1272 2222 fructum
1295 2190 1468 2223 salutarem

289 2235 496 2268 Consecravit
521 2235 638 2276 hodie3
976 2237 1067 2270 Dans
1092 2237 1201 2270 thema
1226 2238 1398 2272 melodiae.

157 2335 216 2366 2a.
245 2333 367 2366 Laudis
393 2332 502 2364 thema
526 2332 688 2373 specialis,
842 2335 901 2368 2b.
930 2334 1029 2374 Quam
1039 2335 1373 2369 dumsentitnondum
1383 2342 1478 2371 natus

244 2381 316 2414 Vox
342 2381 456 2414 salutis
484 2381 650 2422 virginalis
930 2382 1054 2424 infans,
1080 2384 1177 2424 gestit
1201 2385 1271 2418 Deo
1297 2389 1408 2428 gratus

291 2429 433 2463 Grandis
460 2428 636 2471 efficaciae,
976 2432 1100 2464 Nomen
1127 2433 1250 2466 habens
1276 2436 1409 2475 gratiae.
