1656 2690
691 115 951 151 ³272-—

529 217 590 249 315.
621 218 664 250 De
684 228 708 250 s.
729 219 845 251 'Phoma
871 217 1102 252 cantuariensi.

166 290 226 322 la.
253 289 374 322 Laudis
400 289 479 322 odas
505 298 724 330 consonemus,

253 337 381 370 Christo
405 340 481 369 nato
506 336 689 378 iubilemus,

253 386 491 425 Concrepantes
526 385 656 425 diguam
683 386 793 418 demus

299 433 462 466 Salvatori
487 433 633 474 gloriam,

166 511 226 542 2a.
252 509 316 542 Hic
341 509 381 541 ab
407 518 486 542 aevo
511 508 654 542 infantili

249 557 361 590 Mente
386 558 442 599 pia
466 562 498 590 et
522 558 609 590 virili

252 605 320 638 Deo
347 606 427 638 vixit
451 610 484 638 et
508 606 619 639 hostili

299 655 432 687 Restitit
458 654 629 695 nequitiae.

165 732 223 764 3a.
250 731 383 764 Praesul
408 731 479 764 Deo
505 734 720 775 consecratus,

250 779 330 812 Mox
354 788 414 819 pro
440 788 477 812 eo
502 779 663 820 relegatus

252 827 315 860 Est
340 836 411 859 cum
436 828 503 860 suis
530 827 684 868 effugatus

299 877 330 908 A
352 874 471 908 finibus
493 876 642 916 Angliae.

169 953 228 985 4a.
257 952 343 984 Hinc
368 953 409 984 ad
436 962 494 984 sua
518 955 697 992 revocatus,

258 1000 383 1032 Primas
409 999 515 1032 faetus
541 1003 574 1031 et
596 1001 733 1041 legatus,

256 1048 372 1081 Sedem
398 1049 446 1079 sui
471 1048 675 1088 praesulatus

304 1096 515 1129 Consecravit
538 1096 702 1137 sanguine.

166 1175 226 1205 5a.
253 1174 351 1206 Cuius
377 1181 476 1213 prece
500 1182 587 1205 mors
613 1171 754 1214 fugatur,

252 1220 376 1254 Surdus
401 1221 502 1261 audit,
527 1224 634 1253 mutus
660 1220 756 1264 fatur,

253 1269 362 1310 Lepra
387 1270 523 1302 sordens
550 1269 752 1312 emundatur,

302 1317 473 1350 Pelluntur
500 1318 678 1350 daemonia.

165 1395 225 1428 oa.
253 1394 348 1427 Salus
374 1395 498 1426 cunctis
523 1394 737 1436 ministratur,

255 1442 370 1474 Multis
396 1451 521 1482 quoque
548 1442 743 1481 duplicatur,

256 1491 380 1530 Corpus
406 1491 498 1530 valet1
529 1498 619 1522 mens
645 1494 778 1522 sanatur

302 1538 445 1570 Thomae
466 1547 525 1578 per
551 1537 711 1578 suffragia.

862 292 877 324 1
890 291 919 324 b.
949 291 1109 330 Perquem
1117 289 1258 322 Thomas
1266 289 1489 329 triumphavit,

947 338 1033 370 Dum
1060 348 1119 379 per
1143 341 1279 371 mortem
1305 338 1474 378 superavit

951 386 1067 418 Hostes
1093 395 1167 419 suos
1193 390 1290 427 atque
1315 386 1433 419 stravit

994 434 1042 466 Et
1066 434 1142 468 tulit
1165 435 1345 467 victoriam.

862 510 922 544 2b.
948 509 1033 541 Dum
1059 513 1188 543 terreno
1214 510 1391 543 famulatur

949 558 1040 599 Regi,
1067 558 1136 590 Deo
1163 560 1332 598 copulatur

948 605 991 637 Et
1017 609 1125 638 mente
1151 608 1353 638 consociatur

996 653 1135 687 Caelesti
1161 652 1314 688 familiae.

861 731 919 766 3b.
949 730 1064 763 Curam
1090 739 1188 772 agens
1212 730 1275 763 Dei
1300 732 1407 773 gregis

951 778 1022 811 Non
1048 782 1179 813 veretur
1203 780 1307 812 minas
1333 780 1429 822 regis,

951 826 1016 859 Sed
1042 830 1151 860 tuetur
1175 827 1247 862 iura
1269 828 1352 870 legis

997 875 1042 907 Et
1068 884 1197 908 causam
1223 876 1390 909 ecclesiae.

863 952 921 985 4b.
951 950 1047 983 Cuius
1074 951 1160 983 fama
1182 953 1365 993 propalata,

949 998 1065 1031 Multis
1089 1002 1177 1038 nota,
1203 1000 1314 1032 multis
1339 1002 1424 1043 rata,

953 1047 1040 1086 Quae
1066 1047 1167 1088 signis
1194 1051 1243 1079 est
1268 1049 1492 1081 commendata

998 1095 1042 1127 Et
1069 1096 1223 1128 virtutum
1250 1104 1358 1136 opere.

862 1173 923 1206 5b.
953 1171 1073 1204 Caecus
1099 1172 1198 1212 videt2
1226 1173 1372 1213 hydrops
1395 1173 1492 1218 cedit,

949 1219 1067 1252 Febris
1092 1220 1192 1261 fugat,
1220 1230 1334 1253 sensus
1361 1221 1458 1263 redit,

948 1268 1057 1300 Imber
1081 1269 1204 1309 pendet
1228 1278 1288 1301 nec
1313 1270 1441 1302 accedit

994 1318 1048 1349 Ad
1075 1317 1185 1350 votiva
1209 1326 1318 1357 opera.

862 1394 925 1427 tib.
954 1393 1051 1426 Pater
1075 1394 1141 1435 pie,
1168 1397 1280 1433 pastor
1305 1402 1394 1434 vere,

951 1441 1013 1473 Tui
1038 1441 1144 1483 gregis
1172 1450 1279 1474 curam
1307 1451 1394 1484 gere,

951 1490 998 1522 Ut
1021 1491 1182 1531 possimus
1210 1491 1413 1531 congaudere

999 1538 1038 1570 In
1063 1546 1204 1579 superna
1229 1540 1347 1579 patria.

236 1614 321 1642 Miss.
342 1623 397 1642 ms.
420 1613 582 1642 Casinense
602 1622 678 1641 saec.
702 1612 746 1642 14.
774 1622 812 1641 ex.
855 1613 926 1642 (jod.
948 1613 1085 1641 Casinen.
1109 1611 1172 1641 120.
1194 1630 1231 1634 ——
1251 1614 1306 1649 41),
1328 1612 1346 1641 2
1368 1615 1445 1643 data.

537 1736 600 1768 316.
633 1737 677 1768 De
698 1744 723 1768 s.
744 1735 861 1767 Thema
885 1736 1116 1769 cantuariensi.

168 1809 228 1841 la.
255 1808 378 1850 Dignas
405 1809 474 1841 Deo
501 1808 614 1841 laudes
639 1816 761 1850 prome,

261 1856 362 1890 Laeta
381 1857 506 1898 cohors,
525 1857 559 1890 in
576 1857 638 1888 hac
654 1857 798 1889 Thomae

305 1905 468 1939 Praesulis
495 1905 650 1945 victoria3

166 1984 229 2017 2a.
259 1983 322 2015 Hic
347 1981 441 2015 fortis
467 1983 591 2015 athleta
615 1982 677 2014 Dei

257 2032 366 2064 Minas
392 2031 517 2071 sprevit
542 2031 627 2071 regis
653 2031 701 2062 rei

307 2079 428 2112 Christi
456 2089 526 2111 cum
551 2079 684 2119 auxilio,

169 2158 229 2190 Sa.
254 2157 330 2190 Non
355 2155 478 2188 fractus
503 2156 623 2189 iniuria

256 2205 327 2238 Nec
350 2205 455 2238 lassus
480 2204 626 2247 penuria,

305 2253 431 2288 Cedens
457 2261 593 2294 nequam
619 2253 752 2291 homini,

168 2336 228 2368 421.
256 2333 392 2366 Demum
420 2331 516 2364 datur
540 2330 637 2363 morti
664 2330 765 2372 dirae,

257 2382 309 2415 Ne
333 2380 406 2423 plus
432 2380 538 2420 possit
552 2378 642 2411 fraus
660 2378 797 2417 saevire,

306 2431 420 2465 Certus
446 2429 524 2461 serti
548 2427 711 2470 praemi03

867 1808 925 1842 lb.
952 1808 1036 1840 Dum
1063 1810 1181 1841 iniuste
1208 1809 1305 1842 datur
1329 1810 1438 1851 morti,

953 1857 1101 1890 Christus
1114 1858 1200 1889 hunc
1214 1861 1400 1890 sanctorum
1413 1859 1495 1890 sorti

1001 1904 1163 1946 Coaequat
1186 1905 1220 1937 in
1246 1905 1359 1947 gloria.

864 1983 924 2017 ·.²b.
951 1983 1165 2015 Personarum
1193 1982 1323 2022 probris
1344 1991 1492 2023 quassus,

951 2029 1080 2063 Damna
1105 2039 1211 2062 rerum
1238 2030 1360 2072 gaudet
1377 2041 1492 2071 passus

1002 2081 1105 2111 Actus
1132 2081 1166 2110 in
1193 2080 1318 2114 exsilio.

864 2156 924 2190 3b.
946 2155 1079 2188 Murum
1105 2158 1219 2189 contra
1242 2156 1350 2189 iacula

953 2204 1050 2236 Ponit
1074 2205 1320 2245 propugnacula

1001 2252 1045 2285 Se
1067 2262 1127 2293 pro
1155 2252 1249 2285 d'omo
1273 2253 1417 2288 Domini.

863 2331 923 2364 4b.
951 2330 1061 2363 Vincit
1087 2330 1200 2370 hostis,
1227 2333 1263 2362 ut
1287 2331 1447 2374 vincatur,

955 2378 1074 2411 Caesus
1101 2379 1205 2411 victor
1228 2379 1381 2421 laniatur,

1001 2427 1105 2460 Natus
1131 2428 1244 2461 matris
1271 2429 1405 2470 gremio.
