1656 2690
704 137 747 141 -
802 117 971 153 243-

598 231 663 263 278.
695 232 740 264 Dc
763 240 804 265 ss.
826 232 918 264 Petro
941 233 974 265 ct
992 233 1101 265 Paulo.

641 303 672 337 1.
701 305 870 346 Principes
896 314 1089 338 veneremur

698 362 785 385 nunc
810 353 934 386 ordinis

699 401 881 442 apostolici,

187 468 248 501 Za.
275 468 331 500 Ad
358 467 522 502 Christum
887 470 951 504 2b.
980 471 1040 510 Qui
1065 471 1174 504 verbis

274 517 329 557 qui
355 517 510 550 mundum
977 522 1010 551 et
1034 519 1131 552 factis

273 566 394 597 sanctis
422 566 586 599 deducunt
975 570 1087 608 gentes
1112 569 1312 608 persuadent

274 613 447 655 exemplis,
977 617 1123 649 credere.

188 682 247 714 3a.
274 682 400 716 Ianitor
886 682 946 715 3b.
976 683 1025 715 Tu
1052 683 1168 715 Petrus

276 731 438 763 caelorum
464 735 640 773 pastorque
975 740 1020 774 es,
1047 740 1148 772 supra
1173 741 1265 772 quem
1293 731 1386 764 firma

271 787 289 810 o
315 779 495 811 animarum
517 780 638 822 inclite,
974 782 1063 812 stant
1088 780 1222 819 pietatis
1249 789 1359 821 opera,

272 835 393 869 Contra
415 845 510 876 quem
535 837 582 869 nil
972 838 1023 870 Tu
1046 836 1190 877 imperas

274 885 385 917 valent
409 883 532 917 inferni
971 885 1141 918 machinae
1167 890 1310 929 cunctae,

271 935 397 974 portae,
425 934 483 966 sed
510 932 635 967 fractae
972 943 1068 975 quam
1093 933 1182 966 Deus
1207 938 1321 967 auctor

272 984 436 1022 corruunt,
972 982 1129 1015 condidit.

182 1050 244 1083 4a.
274 1050 377 1091 Iesus,
405 1049 540 1083 domnus
566 1052 688 1092 noster,
887 1050 948 1083 4b.
977 1051 1015 1083 In
1041 1049 1193 1091 gentibus
1221 1050 1343 1083 cunctis

274 1098 394 1131 caelica
419 1098 495 1130 dum
522 1099 618 1139 petiit
976 1099 1033 1131 lux
1059 1098 1114 1138 pia
1140 1107 1202 1138 quo
1228 1099 1373 1142 micaret,

271 1155 318 1188 Et
342 1156 493 1197 spiritum
519 1160 667 1189 sanctum
977 1156 1121 1190 Iudaicis
1145 1156 1211 1189 oris

271 1205 424 1237 cordibus
451 1205 525 1237 dum
552 1205 692 1238 tradidit
976 1205 1085 1238 divina
1112 1205 1319 1248 charismata,

271 1253 318 1285 tui
344 1253 570 1294 sociorumque
595 1253 667 1296 tibi,
973 1255 1073 1287 Petre
1098 1254 1312 1294 sanctissime,
1340 1253 1502 1288 foederas.

188 1322 248 1354 5a.
275 1322 344 1354 Iam
371 1321 503 1354 tandem
530 1322 709 1354 Romanum
886 1322 946 1357 5b.
974 1322 1164 1362 Urbemque
1188 1321 1379 1354 Romuleam

273 1370 383 1402 orbem
411 1371 594 1403 transvolas
974 1370 1087 1403 mortis
1113 1370 1218 1410 gloria

271 1418 372 1460 signis
397 1419 621 1459 prodigiisque
647 1419 776 1458 replens
973 1418 1163 1459 vexilloque
1191 1419 1295 1451 crucis
1319 1428 1465 1460 superas.

182 1487 242 1521 6a.
272 1487 332 1529 Tu,
359 1487 473 1529 Paule,
884 1487 945 1521 6b.
972 1487 1033 1527 Tu,
1061 1486 1172 1526 Paule,

271 1538 443 1577 postquam
469 1536 620 1576 gentibus
971 1536 1108 1569 Romam
1136 1535 1280 1579 veniens,

271 1593 376 1624 paene
404 1584 537 1624 cunctis,
972 1585 1096 1617 visione

269 1636 440 1674 postquam
466 1635 500 1664 tu
528 1632 662 1666 Graecis
974 1633 1084 1666 Simon
1109 1632 1263 1674 Neroque

266 1682 427 1715 universis
979 1682 1196 1721 vincerentur,

267 1731 481 1763 mandaveras
973 1730 1142 1764 laboribus

270 1779 392 1813 Christi
419 1781 579 1820 perpetua
978 1778 1069 1812 Petri
1094 1777 1290 1811 sanctissimi

268 1837 411 1867 munera,
976 1827 1140 1861 subvenis,

182 1897 200 1930 7
212 1906 241 1929 a.
269 1896 472 1930 Hodiernam
885 1896 944 1931 7b.
973 1895 1161 1929 Plebiculae

266 1955 341 1987 ergo
369 1946 454 1980 diem
973 1945 1030 1986 pia
1054 1946 1132 1977 vota

266 1994 425 2037 martyrio
451 1991 592 2040 [vestro]
617 2003 635 2027 0
662 2004 758 2036 quam
975 1993 1202 2037 suscipientes,
1230 1996 1362 2027 terrena

270 2044 458 2085 dignissimo
978 2042 1172 2075 caelestibus

268 2097 433 2135 ornantes,
973 2092 1141 2132 haereant,

630 2163 663 2196 8.
691 2162 816 2207 Facite,
843 2163 982 2202 peccata

693 2211 780 2252 quod
805 2210 958 2253 precibus
984 2209 1102 2243 vestris

694 2260 802 2293 solvat
826 2268 886 2293 rex
911 2268 1022 2301 regum

693 2318 834 2351 regnans
860 2308 990 2342 saecula

692 2367 753 2399 per
780 2360 904 2392 cuncta.

245 2427 330 2455 Miss.
358 2436 413 2455 ms.
442 2426 471 2455 S.
493 2426 643 2465 Amulphi
662 2427 773 2455 Meten.
800 2427 873 2455 anni
900 2423 984 2454 1321.
1026 2424 1098 2454 Ood.
1132 2425 1243 2454 Meten.
1271 2422 1336 2453 133.
1362 2440 1399 2444 ——
1429 2423 1482 2459 4a,
1505 2422 1520 2452 1

166 2464 312 2494 dominus.
324 2482 361 2487 —-
372 2465 427 2501 410,
440 2466 457 2495 3
471 2467 593 2496 Iudaeis
606 2467 699 2495 horis.
714 2481 753 2485 —
767 2463 817 2502 8a,
836 2462 850 2494 1
867 2465 971 2493 Facite
985 2465 1017 2492 in
1032 2465 1084 2493 der
1096 2464 1153 2492 Hs.
1168 2464 1246 2493 noch
1262 2473 1300 2493 zu
1314 2462 1331 2491 7
1340 2463 1357 2492 b
1372 2472 1513 2501 gezogen.

1283 2510 1343 2542 16*
