1656 2690
706 135 968 171 -113—

175 228 236 261 2a.
263 227 337 260 Tibi
365 232 472 269 grates
498 231 675 274 reddimus,
876 234 935 267 2b.
961 234 1114 276 Exempli
1139 234 1269 268 mirifici

314 276 430 309 Inclite
455 280 603 319 patrone,
1009 284 1147 324 Vigilem
1173 287 1346 328 pastorem,

265 323 360 365 Nam,
388 334 448 365 per
473 327 507 357 te
532 327 587 366 qui
614 328 786 372 credimus,
960 330 1124 373 savinum,
1152 333 1287 366 veridici

313 372 486 405 Dabuntur
512 382 661 418 coronae,
1010 380 1174 413 Sermonis
1203 382 1378 426 doctorem,

262 420 355 453 Bona
380 421 408 452 si
432 422 602 463 egerimus,
962 427 1109 461 Honoret
1137 429 1289 462 dominici

311 468 348 500 In
375 469 458 501 caeli
482 469 628 505 balcone.
1010 476 1126 516 Gregis
1152 477 1352 513 bellatorem.

173 547 192 579 3
206 554 235 578 a.
265 545 384 578 Savine
411 547 608 590 doctissime,
872 552 935 585 3b.
962 552 1014 585 Sit
1037 561 1159 586 memor
1182 555 1335 595 martyrii

309 594 432 628 Tribue
459 596 640 630 doctrinam
1010 601 1107 633 Pueri
1131 601 1218 634 beati

261 642 399 676 Vitandi
426 645 611 678 cautissime
961 650 1092 682 Undeni
1119 650 1307 692 Crescentii,

307 691 509 725 Mundanam
536 694 674 736 ruinam,
1011 697 1099 730 Urbe
1124 698 1210 731 alma
1235 699 1314 739 nati,

261 739 424 773 Servandi
447 741 609 774 tutissime
959 744 1023 777 Pro
1046 746 1161 786 poenis
1187 747 1341 787 supplicii

306 787 404 820 Fidei
430 790 585 823 carinam.
1009 792 1105 826 Caelo
1132 795 1287 827 coronati.

169 868 231 898 4a.
260 865 317 906 Te,
346 875 441 907 quem
466 875 550 900 novo
576 869 694 901 ordine
871 868 931 902 4b.
959 870 1076 902 Militis
1103 868 1298 903 fortissimas

306 914 401 947 Misit
425 915 514 948 Deus
541 915 653 955 Senas,
1007 917 1108 951 Siculi
1134 920 1275 952 Victoris

260 965 437 997 Precamur
462 965 524 997 hoc
550 967 703 1006 carmine,
960 966 1084 1000 Poenas
1108 967 1329 1001 inclitissimus

307 1011 413 1045 Aufer
438 1011 531 1046 nobis
557 1023 691 1054 poenas,
1006 1015 1125 1047 Penset
1151 1018 1257 1056 corde,
1286 1017 1403 1059 choris,

261 1060 438 1103 Crescenti,
467 1071 539 1094 cum
564 1062 686 1094 lumine
957 1063 1043 1103 Quas
1069 1064 1145 1096 tulit
1170 1065 1366 1107 asperrimas

308 1108 442 1142 Gratiae
469 1110 512 1144 da
537 1119 646 1144 venas,
1003 1112 1080 1144 Zelo
1108 1114 1276 1146 creatoris.

170 1188 230 1220 5a.
257 1187 396 1228 Largire
421 1187 611 1229 potentiam,
870 1187 927 1221 5b.
956 1188 1088 1222 Summa
1116 1189 1180 1222 Dei
1205 1190 1334 1223 bonitas

305 1235 430 1278 Victor,
457 1238 494 1268 ut
519 1237 681 1277 serpentis
1005 1238 1120 1271 Laude
1145 1241 1328 1281 veneretur,

255 1284 421 1317 Possimus
447 1285 646 1325 proterviam
954 1287 1022 1327 Qua
1048 1289 1206 1328 quaterna
1231 1288 1387 1320 sanctitas

304 1333 427 1365 Delere
448 1333 638 1378 mordentis,
1005 1335 1099 1368 Senis
1122 1336 1292 1380 retinetur,

254 1381 315 1423 Qui
342 1382 384 1414 ad
409 1382 451 1414 tis
478 1382 660 1414 custodiam
955 1383 1003 1416 Ut
1028 1384 1096 1416 eius
1123 1385 1300 1417 auctoritas

304 1429 420 1462 Sumus
447 1428 663 1465 defendentis.
1004 1432 1140 1472 Semper
1164 1432 1343 1466 invocetur.

233 1517 374 1553 Sequent.
413 1520 443 1545 et
471 1517 618 1552 Hymnar.
656 1526 711 1545 ms,
749 1518 880 1547 Carmeli
910 1516 1051 1547 Senensis
1083 1526 1162 1546 saec.
1195 1517 1240 1547 14.
1287 1518 1359 1546 Cod.
1390 1519 1497 1547 Senen.

155 1555 183 1583 Gr
201 1556 249 1584 ΙΙΙ
270 1555 296 1583 2.
319 1571 356 1575 —
379 1554 431 1590 2a,
454 1555 471 1585 6
488 1556 623 1592 palcone.
647 1571 681 1575 —
703 1554 756 1593 4b,
778 1556 798 1584 4
819 1557 916 1586 cordis
934 1559 1020 1586 coris.

596 1701 660 1732 122.
694 1700 737 1732 De
758 1701 867 1732 sancto
889 1700 1057 1733 Antonino.

164 1792 181 1824 1
196 1800 224 1822 a.
253 1790 453 1823 Attollamus
479 1790 583 1824 Deum
609 1801 720 1824 verum
866 1791 924 1826 ib.
955 1791 1184 1825 Collaudemus
1201 1792 1296 1831 hunc,
1321 1791 1355 1823 in
1374 1791 1495 1824 sanctis

251 1839 290 1872 In
316 1842 501 1872 sanctorum
529 1841 629 1881 gestis
656 1849 762 1873 rerum
954 1841 1017 1873 Illo
1045 1841 1143 1873 dante
1168 1849 1226 1872 nos
1253 1847 1347 1880 quem
1371 1839 1471 1871 tantis

300 1887 562 1930 Cunctarumque
589 1893 786 1930 creatorem,
1001 1889 1159 1922 Novimus
1185 1888 1465 1928 triumphatorem.

164 1968 223 2002 2a.
252 1967 356 1999 Huius
384 1976 459 2008 ergo
486 1967 642 2000 bonitatis
864 1967 927 2002 ΖΙ).
954 1967 1027 2006 Eia,
1055 1965 1186 2011 fratres,
1214 1966 1371 2020 Antonini

298 2016 442 2057 Agamus
468 2017 668 2058 memoriam,
998 2017 1199 2049 Memoretur
1223 2024 1344 2056 passm,

249 2065 309 2106 Qui
337 2074 408 2097 cum
426 2066 538 2107 palma
554 2069 630 2106 post
647 2065 793 2099 laborem
951 2065 1011 2104 Qui
1036 2064 1079 2097 ad
1104 2065 1234 2097 laudem
1260 2063 1323 2096 Dei
1348 2064 1426 2096 trini

298 2113 436 2147 Sanctos
464 2114 531 2146 fert
552 2115 594 2147 ad
621 2113 767 2156 gloriam.
1001 2113 1154 2147 Cucurrit
1178 2114 1211 2146 in
1234 2112 1351 2146 stadio.

160 2194 221 2226 3a.
249 2193 298 2227 Ut
320 2195 499 2233 tempestas
525 2195 718 2232 cessaretur,
863 2191 922 2226 3b.
951 2192 1078 2224 Vinctis
1103 2194 1230 2233 martyr
1255 2191 1479 2233 praedicabat,

247 2242 318 2274 Nee
343 2251 363 2274 a
385 2242 498 2282 pravis
524 2244 701 2274 vexaretur
948 2241 1068 2281 Lapsis
1094 2241 1157 2273 iter
1185 2240 1359 2274 dedicabat

295 2290 517 2323 Honestorum
543 2291 662 2329 contio,
997 2290 1113 2323 Plures
1137 2292 1323 2322 monstrans
1338 2288 1490 2321 Domine.

157 2370 222 2402 4a.
250 2368 462 2402 Perlustratis
488 2368 599 2401 multis
625 2367 753 2409 pridem
860 2367 920 2402 4b.
947 2367 1009 2400 Dei
1035 2368 1188 2401 laudibus
1213 2368 1367 2401 insistens

246 2417 384 2457 Sumpta
409 2426 505 2450 cruce
530 2422 657 2458 martyr
681 2416 766 2448 idem
947 2416 1121 2450 Sceleratis
1147 2420 1205 2451 aut
1229 2417 1383 2450 resistens

295 2464 459 2498 Christum
472 2467 562 2506 sequi
577 2464 788 2507 properabat,
993 2466 1114 2498 Hostes
1140 2466 1262 2499 Christi
1288 2467 1476 2506 superabat.

206 2526 327 2552 Blume,
346 2525 497 2553 Sequentiae
514 2525 635 2550 Ineditae.
667 2524 695 2548 V.
1299 2519 1317 2549 8
