1656 2690
714 143 983 180 —199—

196 238 257 270 3a.
286 236 439 271 Oratores
467 237 614 272 confiteri
894 243 953 278 3b.
980 244 1081 277 Rotas
1108 243 1206 286 fregit
1229 244 1371 284 altiores,

284 284 443 320 Faciebat
468 286 537 320 vias
564 289 632 321 veri
982 293 1067 333 Quas
1097 294 1258 327 convertit
1281 293 1315 325 in
1342 296 1483 326 terrores

332 334 432 377 Virgo
457 335 547 378 paris
574 338 693 372 nescia.
1030 341 1171 374 Deitatis
1197 342 1313 383 gratia.

193 433 255 466 4a.
283 431 321 463 In
347 433 500 465 tormenti
525 442 630 472 poena
655 432 751 467 fortis
893 437 954 470 4b.
981 438 1071 470 Ense
1097 447 1192 471 caesa
1220 439 1401 471 decollatur

281 479 355 512 Non
380 481 514 522 reliquit
538 486 625 514 metu
651 483 764 515 mortis
978 486 1024 518 Et
1049 486 1091 519 ad
1118 486 1195 519 Sina
1224 488 1418 527 deportatur

331 527 519 562 Genitorem
545 528 622 563 filia.
1028 533 1090 567 Via
1114 535 1194 567 viris
1219 535 1319 569 invia.

193 626 253 661 5a.
281 625 381 667 Virgo
408 629 530 666 sancta,
558 630 633 660 tuae
658 629 746 669 genti
893 629 953 663 5b.
981 631 1046 663 Ora
1073 629 1248 673 Christum,
1273 631 1342 664 Deo
1368 634 1470 675 grata,

282 673 468 707 Passionem
496 676 652 708 recolenti
981 678 1032 710 Ne
1056 678 1224 711 involvant
1249 688 1307 711 nos
1331 683 1468 721 peccata

330 722 481 764 Desuper
501 724 645 765 irradia3
1028 726 1089 760 Vel
1114 730 1290 767 tempestas
1317 728 1423 763 obvia.

258 810 347 844 Trop.
362 811 391 836 et
405 809 543 846 Sequent.
560 819 604 838 ms
632 811 816 839 civitatense
830 820 906 840 saec.
922 810 967 839 14.
1004 812 1073 841 Cod.
1091 812 1249 841 Civitaten.
1265 813 1336 840 LVI
1348 811 1415 849 (20).
1431 813 1464 841 A.
1483 828 1518 832 —

181 846 270 875 Grad.
296 856 350 874 ms.
373 848 557 876 civitatense
585 858 662 877 saec,
686 847 730 876 14.
760 851 801 876 in.
843 850 913 879 Cod.
937 850 1094 879 Civitaten.
1117 851 1224 879 LVIII.
1245 851 1279 880 B.
1300 868 1338 872 —
1359 852 1447 880 Grad.
1469 861 1522 879 ms.

181 885 365 914 Civitatense
391 895 467 915 saec.
497 885 540 914 14.
580 887 650 916 Cod.
679 887 837 916 Civitaten.
859 889 998 918 LXXIX.
1021 890 1052 918 C.
1082 904 1121 908 —
1149 890 1234 918 Miss.
1262 898 1316 917 ms.
1338 890 1523 918 Civitatense

180 932 256 952 saec.
287 922 332 952 14.
374 925 445 953 Cod.
473 925 633 954 Civitaten.
662 926 775 955 LXXX
802 926 869 963 (13).
890 928 928 955 D.
957 943 994 947 —
1019 930 1108 965 Trop.
1135 931 1165 956 et
1185 928 1324 965 Sequent.
1354 938 1408 957 ms.
1429 928 1521 965 Aqui-

180 963 314 999 legiense
341 972 417 992 saec.
442 963 486 993 15.
529 964 598 993 Cod.
629 965 791 994 Seminarii
812 967 957 995 Goritien.
978 967 1002 995 Ι.
1024 968 1060 995 Ε,
1092 982 1131 986 -
1162 965 1213 1003 210,
1236 967 1254 996 3
1282 969 1398 1003 gratiae
1418 968 1454 996 E.
1485 983 1523 987 ——

182 1000 234 1037 4a,
256 1000 274 1031 3
296 1001 439 1031 Genitore
458 1003 495 1031 Ε.

602 1155 668 1187 227.
705 1154 749 1186 De
770 1156 884 1187 sancta
904 1155 1100 1188 Katharina.

189 1244 248 1277 la.
277 1244 474 1278 Attollamus
500 1245 533 1277 in
557 1246 619 1278 hac
647 1246 699 1279 die
893 1247 951 1281 ib.
981 1247 1214 1280 Commutantis
1239 1250 1343 1280 morte
1369 1247 1461 1280 brevi

278 1292 494 1327 Extollendas
520 1294 635 1327 laudes
661 1295 716 1336 pie
978 1296 1085 1329 Vitam
1109 1296 1283 1329 aeternalis
1309 1297 1382 1329 aevi

326 1341 531 1374 Katherinae
555 1343 701 1385 virginis,
1026 1345 1138 1385 Regno
1165 1345 1252 1378 vitae
1273 1345 1430 1385 perpetis.

189 1430 250 1463 2a.
279 1429 305 1462 Ο
330 1438 424 1469 quam
462 1430 575 1462 mundi
600 1431 817 1475 salvatricem,
890 1431 948 1465 ab.
977 1431 1519 1471 Quamnonvincuntblandimenta

279 1477 304 1510 O
332 1486 426 1517 quam
454 1478 536 1511 caeli
562 1480 787 1522 regnatricem,
975 1480 1046 1512 Nec
1071 1483 1212 1512 terrores
1239 1488 1300 1513 nec
1324 1482 1496 1521 tormenta,

280 1523 322 1569 [O
349 1535 445 1567 quam
469 1526 532 1559 Dei
558 1527 769 1572 genetricem]
976 1528 1050 1561 Non
1076 1529 1253 1568 sophorum
1279 1532 1482 1573 argumenta,

322 1574 427 1607 Decet
451 1576 532 1608 haec
557 1577 770 1618 pedissequa!
1027 1578 1100 1610 Non
1126 1587 1179 1610 ars
1205 1577 1419 1619 syllogistica.

187 1663 246 1695 3a.
275 1661 365 1695 Diris
387 1663 503 1703 poenis
529 1663 610 1696 haec
635 1665 771 1698 addicta
889 1665 948 1698 3b.
975 1665 1086 1698 Morte
1111 1665 1201 1697 cuius
1229 1665 1407 1705 exquisitae

275 1710 386 1742 Vincit
409 1720 531 1752 omnes,
559 1715 593 1744 et
615 1713 740 1747 invicta
977 1714 1092 1756 Rotae,
1119 1722 1231 1746 serrae
1256 1713 1422 1754 gladiique

322 1759 437 1792 Manet
464 1760 658 1805 eloquentia,
1025 1762 1106 1795 Eius
1133 1762 1246 1794 collisa
1272 1762 1434 1806 precibus,

321 1808 418 1849 Fide,
445 1809 614 1850 patientia.
1023 1811 1194 1852 Quaternis
1201 1820 1287 1843 mors
1294 1809 1372 1842 furit
1378 1810 1518 1847 milibus.

184 1897 247 1929 4a.
277 1896 340 1930 Per
353 1896 816 1940 hancgrexphilosophorum,
887 1899 948 1934 412.
977 1899 1105 1932 Christo
1139 1898 1277 1931 credunt
1302 1901 1335 1930 et
1360 1898 1518 1932 recedunt

273 1945 471 1985 Imperatrix
499 1946 592 1986 plebs
618 1947 804 1989 multorum,
975 1948 1027 1980 Ab
1056 1956 1177 1988 errore,
1206 1956 1277 1979 cum
1303 1949 1446 1980 tremore

324 1994 404 2028 Cum
432 1998 525 2028 coetu
549 1995 706 2029 nobilium
1022 1998 1053 2029 A
1081 1996 1207 2029 cultura
1234 1996 1435 2030 daemonum.

185 2083 245 2116 5a.
273 2081 373 2115 Fiunt
397 2082 452 2115 isti
886 2084 945 2119 5b.
973 2085 1038 2118 Pro
1064 2093 1126 2124 quo
1151 2084 1230 2116 torti

274 2131 389 2164 Testes
417 2132 550 2173 Christi,
976 2133 1050 2166 Non
1077 2132 1223 2173 absorpti

318 2180 533 2222 Reverentur,
1023 2181 1222 2223 Moriuntur,

320 2229 523 2263 Confitentur
1025 2230 1089 2264 Sed
1116 2234 1293 2263 nascuntur

369 2279 443 2319 Ore,
471 2279 571 2312 corde
598 2279 782 2313 Dominum.
1072 2279 1169 2312 Caelo
1194 2289 1256 2322 per
1280 2280 1482 2321 martyrium.

182 2367 243 2400 Ga.
273 2368 359 2408 Quos
385 2367 582 2408 praemissos
606 2368 782 2401 subsecuta
890 2368 952 2403 6b.
981 2369 1113 2402 Caelum
1139 2369 1270 2401 scandit
1295 2368 1492 2409 Katherina3

272 2415 403 2458 Martyr
429 2417 537 2458 hodie,
565 2418 672 2450 soluta
973 2417 1054 2450 Eius
1081 2425 1198 2459 corpus
1223 2417 1326 2450 monti
1352 2417 1430 2450 Sina

320 2465 373 2498 Ab
400 2466 564 2501 aerumnis
590 2466 722 2508 saeculi,
1026 2466 1303 2501 Commendarunt
1327 2466 1445 2507 angeli.
