1656 2690
690 121 947 157 -233-

161 214 206 246 14
216 223 244 247 a.
273 214 320 248 Ut
350 216 432 249 haee
458 226 517 257 per
543 221 577 250 te
602 219 792 251 suadentem
862 219 946 254 1410.
975 219 1044 259 Quo
1071 220 1193 251 solutos
1219 227 1239 250 a
1264 217 1407 259 peccatis

271 257 372 305 Aimd
400 267 511 298 natum
538 268 570 297 et
596 272 764 307 parentem
974 268 1041 300 Nos
1069 267 1228 301 conducat
1255 275 1327 299 eum
1351 265 1456 298 beatis

320 312 424 346 Nobis
450 313 494 345 sit
518 315 675 357 propitia,
1022 316 1077 349 Ad
1103 318 1237 348 aeterna
1263 315 1393 356 gaudia.

161 389 203 422 15
216 398 246 422 a.
274 389 477 430 Raphaelem
503 392 652 424 venerari
864 393 951 428 151).
978 392 1037 432 Qui
1064 391 1171 425 fidelis
1198 401 1303 425 comes
1330 392 1402 424 viae

271 436 414 471 Ratione
445 438 563 472 docent
587 440 659 480 pari
974 440 1159 482 Deputatus
1187 443 1237 473 est
1260 439 1383 473 Tobiae

320 486 455 519 Patrum
482 487 687 528 testimonia3
1021 489 1123 522 Trina
1151 489 1230 522 dans
1257 489 1418 521 remedia:

162 562 205 596 16
218 572 248 598 a.
278 562 378 597 Curat
405 573 546 606 caecum,
575 565 671 598 docet
696 566 793 610 viam,
865 566 951 601 1612.
978 566 1055 606 Ipse
1079 566 1172 599 nobis
1199 565 1242 598 sit
1267 566 1379 607 tutela,

275 611 389 645 Saram
415 616 528 646 servat
552 616 584 645 et
611 613 747 647 Tobiam
976 614 1163 654 Peregrinis
1187 614 1253 654 lux,
1281 614 1420 656 medela,

324 660 426 694 Sanos
452 670 513 701 per
538 660 682 702 fumigia.
1025 662 1137 695 Socius
1163 662 1196 694 in
1222 663 1339 703 patria.

160 737 202 770 17
216 747 246 770 a.
275 738 377 777 Quam
403 738 549 771 illustrat
576 741 609 770 et
635 738 769 772 decorat
866 738 946 772 17b.
975 738 1034 771 Oui
1060 739 1150 771 mille
1170 739 1338 771 beatorum

273 785 366 818 lesus
386 785 545 824 Christus,
567 795 659 826 quem
675 786 793 819 adorat
976 786 1080 819 Voces
1108 790 1228 819 canunt
1252 787 1442 828 angelorum

323 833 466 874 Caelum,
493 834 602 875 tellus,
629 835 752 876 maria3
1023 835 1069 867 Et
1093 837 1229 867 centena
1254 835 1353 867 milia.

226 910 316 939 Grad.
337 918 392 938 ms.
414 911 601 939 civitatense
624 918 702 939 saec.
727 909 771 939 14.
792 912 832 939 in.
861 911 930 939 Cod.
949 910 1109 939 civitaten.
1124 911 1234 939 LVHI.
1258 911 1324 939 add.
1346 919 1424 939 saec.
1447 909 1494 938 15.

149 949 183 977 A.
207 965 243 969 —
265 949 354 978 Grad.
375 958 430 977 ms.
453 948 637 979 civitatense
659 958 737 978 saec.
759 948 805 978 14.
838 949 909 979 Cod.
935 950 1094 978 Civitaten.
1114 949 1187 978 LVI
1206 947 1266 986 (20)
1285 950 1320 977 B.
1347 965 1387 969 —
1407 950 1492 977 Miss.

148 998 203 1017 ms.
229 987 444 1025 Aquilegiense
470 996 548 1016 saec.
571 986 616 1018 15.
659 988 729 1017 God.
752 989 897 1017 Marcian.
919 989 946 1016 L
967 988 1013 1017 111
1041 986 1104 1016 125.
1127 988 1159 1018 O.
1186 1004 1225 1007 —
1255 986 1304 1023 lb,
1330 985 1344 1015 1
1367 996 1492 1024 quorum

149 1035 217 1055 sese
236 1027 268 1055 O.
296 1041 334 1046 —
359 1025 412 1061 21),
434 1025 452 1056 3
471 1026 596 1063 linguae
615 1028 711 1056 nimia
731 1028 764 1056 G.
792 1042 830 1047 --
858 1026 908 1061 521,
931 1027 947 1055 1
970 1027 1098 1061 Quidam
1120 1028 1152 1056 C.
1174 1042 1212 1046 —
1233 1024 1304 1061 Hb,
1327 1024 1345 1054 3
1365 1027 1495 1054 Desinat

151 1066 182 1095 O.
205 1081 242 1085 -
267 1064 338 1100 171³,
361 1064 379 1094 3
398 1066 474 1094 fehlt
495 1065 526 1094 O.
554 1081 591 1084 —
621 1066 683 1095 Der
702 1067 780 1095 Text
797 1067 829 1094 in
850 1067 874 1094 B
896 1067 1022 1104 beginnt
1042 1069 1102 1095 eret
1122 1066 1178 1094 mit
1197 1066 1255 1094 Str.
1278 1065 1296 1093 7
1303 1074 1328 1099 a,
1353 1064 1383 1092 l:
1406 1064 1494 1093 debet

149 1105 203 1133 ille
222 1102 287 1140 (das
307 1104 553 1141 vorhergehende
574 1105 657 1133 Blatt
676 1106 717 1133 ist
736 1104 933 1142 abgetreimt).

611 1208 676 1240 267.
709 1208 752 1241 Dc
773 1210 883 1241 sancto
904 1208 1038 1241 Nicasio.

185 1280 248 1313 la.
274 1279 375 1323 Audi,
402 1282 529 1321 martyr
553 1280 678 1322 inclite,
885 1280 945 1315 ib.
974 1281 1071 1323 Audi,
1097 1280 1232 1320 praesui
1257 1279 1389 1322 optime,

273 1327 318 1361 Et
344 1329 463 1361 exaudi
490 1328 622 1361 debitae
974 1328 1059 1362 Vota
1084 1329 1202 1361 mentis
1228 1328 1362 1361 intimae

296 1375 420 1410 Laudis
447 1375 653 1411 sacrificium.
1022 1378 1068 1410 Et
1093 1376 1226 1410 affectus
1254 1376 1410 1410 cordium,

184 1456 248 1488 2a.
276 1456 358 1495 Ave,
384 1456 479 1495 pater
505 1455 644 1495 patriae,
887 1455 949 1489 ab.
977 1454 1057 1499 Ave,
1086 1455 1198 1495 pastor
1225 1454 1332 1487 ovium

271 1502 475 1536 Foenerator
497 1503 624 1545 gratiae
972 1503 1119 1536 Pastoris
1146 1500 1290 1535 officium

318 1551 457 1584 Talento
482 1551 667 1594 multiplici.
1019 1552 1122 1584 Modo
1152 1551 1318 1593 complens
1345 1551 1482 1592 triplici.

186 1631 247 1663 32.
274 1628 325 1662 Tu
351 1638 385 1662 es
411 1629 519 1670 gregis
544 1629 717 1673 masculus,
885 1629 945 1664 ab.
971 1628 1023 1662 Tu
1050 1638 1083 1661 es
1109 1629 1216 1670 gregis
1242 1629 1409 1670 speculum

271 1676 321 1710 Tu
349 1686 382 1710 es
410 1677 526 1710 dexter
551 1678 662 1710 oculus
973 1676 1090 1718 Gregis
1115 1678 1275 1711 mundans
1300 1678 1426 1710 oculum

321 1726 516 1759 Rhemensis
543 1726 709 1760 ecclesiae.
1021 1726 1183 1766 Exemplo
1209 1726 1398 1760 munditiae.

180 1805 245 1838 4a.
271 1804 320 1837 Te
345 1806 479 1845 pastore
502 1804 638 1845 praevio
887 1803 949 1838 4b.
976 1803 1067 1837 Tuae
1091 1803 1206 1836 mortis
1231 1804 1339 1845 pretio

271 1852 383 1886 Currit
407 1862 486 1894 grex
512 1853 545 1885 in
572 1852 679 1886 stadio
974 1852 1089 1887 Cessat
1113 1851 1294 1893 indignatio

317 1902 372 1935 Ad
398 1902 541 1942 palmam
568 1902 736 1936 victoriae.
1023 1900 1163 1934 Divinae
1188 1901 1342 1934 iustitiae.

181 1982 242 2015 5a.
269 1981 369 2022 Ergo,
396 1980 489 2020 pacis
513 1980 633 2023 hostia,
887 1979 948 2014 bb.
975 1979 1047 2012 Tua
1071 1986 1170 2021 prece
1194 1979 1329 2019 praevia

272 2028 386 2062 Pande
411 2028 506 2062 nobis
533 2029 617 2061 ostia
975 2027 1052 2060 Fiat
1076 2027 1171 2060 nobis
1197 2027 1311 2068 pervia

323 2077 463 2111 Divinae
490 2078 693 2112 clementiae.
1023 2077 1130 2110 Verae
1155 2076 1209 2108 via
1236 2077 1358 2110 veniae.

221 2146 306 2174 Miss¹
330 2145 501 2198 {zhemense
525 2146 597 2181 imp.
623 2144 748 2173 Rhemis
777 2141 861 2172 1553.
904 2144 958 2181 „In
986 2146 1059 2172 tono
1088 2142 1214 2172 Prosae:
1236 2143 1263 2170 V
1273 2145 1331 2172 eni
1351 2152 1366 2171 s
1375 2152 1394 2172 a
1402 2145 1468 2171 net
1478 2153 1494 2172 e

143 2194 157 2213 s
167 2187 205 2222 pi
216 2186 268 2214 rit
274 2195 294 2214 u
301 2193 324 2213 s.

632 2278 699 2310 268.
734 2278 780 2310 De
801 2279 914 2311 saneta
936 2278 1010 2311 Oda.

154 2355 215 2389 1a.
245 2353 375 2386 Christo
385 2351 789 2395 plaude‚p1ebsmundata‚
862 2351 922 2385 lb.
951 2351 1040 2391 Quae
1064 2350 1123 2384 sub
1152 2351 1205 2383 die
1230 2351 1387 2383 hodierno

241 2402 316 2435 Oda
341 2402 461 2442 gaudet
489 2402 561 2434 odis
590 2401 667 2434 data
951 2400 1079 2433 Sanctis
1105 2400 1160 2439 pie
1182 2400 1214 2432 in
1242 2408 1383 2439 superno

294 2449 464 2484 castitatis
492 2450 572 2493 lilio,
1001 2447 1150 2481 sociatur
1175 2449 1266 2481 solio.
