1656 2690
200 231 286 265 103.
312 232 410 264 Illum
435 233 524 273 parit
554 232 620 265 ista
650 235 765 276 mater,

314 281 415 321 Quem
441 282 473 312 et
497 280 602 313 Deum
619 281 708 314 Deus
734 283 829 321 pater

367 330 406 362 In
433 338 469 361 se
493 329 563 361 Dec
588 329 709 370 genuit.

203 386 288 421 11a.
327 386 498 420 Geminata
521 387 587 419 iam
611 390 729 420 natura

325 435 388 467 Est
413 438 446 467 et
470 434 577 468 factor
596 438 627 467 et
653 433 780 467 factura

371 483 463 516 Idem
486 483 549 516 Dei
574 483 672 517 filius,

201 540 246 574 12
258 550 288 574 a.
314 541 457 574 Matrem
483 550 559 583 ergo
587 542 810 582 deprecamur,

317 589 363 622 Ut
387 599 408 622 a
431 592 536 622 morte
560 589 766 622 retrahamur

363 638 542 678 Impetrata
567 639 674 671 venia.

203 695 248 728 13
260 704 292 729 a.
319 695 372 727 Ex
398 698 432 727 te
457 696 528 728 sola
552 705 626 736 spes
652 695 766 728 salutis

318 743 446 776 Pressis
472 744 547 785 iugo
573 743 749 786 servitutis,

363 791 483 833 Mater,
510 792 606 832 placa
630 790 743 825 filium.

908 232 992 267 101).
1017 234 1095 275 Ipse
1121 232 1225 266 factus
1251 236 1301 265 est
1325 232 1476 271 infectus,

1020 282 1104 315 Nam
1130 284 1167 313 ut
1190 291 1297 322 panno
1316 290 1412 314 carne
1429 284 1534 314 tectus

1069 331 1173 363 Deum
1198 340 1263 363 non
1290 330 1443 364 deseruit.

910 388 994 422 111).
1016 389 1092 423 Una
1117 390 1243 420 tantum
1268 388 1321 421 hic
1345 397 1486 429 persona

1022 437 1221 469 Naturarum
1248 437 1310 469 duo
1335 437 1422 469 bona

1069 486 1108 518 In
1134 493 1169 516 se
1193 485 1263 517 unit
1284 486 1410 518 unicus.

908 541 990 575 12b.
1018 543 1127 584 Placa,
1153 544 1267 583 mater,
1293 544 1376 574 iram
1401 543 1481 583 nati,

1018 591 1108 623 Iuste
1138 599 1247 622 sumus
1273 591 1338 622 iam
1366 591 1521 634 damnati,

1065 639 1111 671 Et
1137 640 1187 669 est
1211 647 1292 678 opus
1319 639 1435 679 gratia.

905 695 988 729 131).
1016 696 1069 728 Da
1103 704 1194 735 spem
1221 696 1320 737 digne
1344 697 1536 737 resurgendi

1013 744 1059 776 Et
1084 746 1251 777 aeternum
1276 744 1447 777 obtinendi

1065 793 1197 834 Tecum,
1215 792 1318 835 virgo,
1343 793 1532 833 praemium.

272 857 435 886 Comment.
457 867 511 887 ms.
533 858 766 895 Sconaugiensis
786 856 937 894 (Rhabani
950 859 1051 887 Mauri
1070 861 1103 887 in
1122 859 1190 887 libr.
1208 857 1334 896 Regum)
1355 868 1432 887 saec.
1456 857 1532 889 10111.

194 896 261 924 add.
286 905 363 924 saec.
385 894 461 926 1²l123.
504 895 578 926 Cod.
599 898 737 927 Vatican.
758 897 887 925 Palatin.
909 895 976 926 293.
999 913 1039 917 —
1059 897 1113 932 7b,
1135 895 1153 924 2
1173 898 1266 926 Tuus.

652 1009 700 1041 93.
732 1010 776 1042 De
795 1010 897 1042 Beata
916 1010 1020 1042 Maria
1039 1011 1075 1044 V.

202 1083 262 1116 13.
291 1082 394 1115 Stella
420 1082 530 1121 maris,
558 1091 577 1115 o
602 1082 721 1122 Maria,

293 1131 500 1163 Praedicaris
527 1131 613 1163 vitae
637 1130 701 1170 via,

201 1190 261 1221 2a.
290 1188 502 1229 Complanato
527 1189 621 1221 nobis
651 1188 767 1220 callem

289 1237 492 1269 Transituris
518 1246 578 1278 per
601 1237 685 1269 hanc
702 1237 830 1276 vallem,

200 1296 261 1329 3a.
289 1295 405 1328 Preme
430 1295 516 1335 pede
539 1294 744 1335 praevalenti

288 1343 398 1384 Caput·
418 1344 532 1384 anguis
558 1342 722 1383 virulenti,

197 1403 258 1434 4a.
284 1401 336 1433 Tu
359 1401 515 1434 Abrahae
539 1401 605 1433 iam
630 1400 793 1442 promissa

283 1449 329 1482 Et
353 1459 414 1490 per
438 1451 528 1483 Iesse
553 1450 646 1482 nobis
671 1449 780 1490 missa,

196 1510 256 1542 5a.
285 1507 379 1540 Sicca
404 1508 495 1549 virga
521 1508 591 1540 sine
615 1507 704 1539 unda

331 1556 389 1589 Tis
415 1559 531 1588 onusta
555 1556 702 1599 nucibus,

196 1615 258 1647 63.
284 1614 468 1655 Legislator
491 1615 682 1657 admiratur,

285 1662 366 1702 Quia
391 1663 491 1695 rubus
517 1661 735 1695 succendatur

284 1711 355 1743 Nec
378 1720 551 1743 succensus
576 1712 745 1750 aduratur,

901 1082 959 1115 11).
987 1083 1083 1115 Vitae
1110 1083 1161 1114 via
1186 1084 1398 1125 praedicaris,

989 1131 1014 1164 O
1041 1131 1160 1172 Maria,
1187 1132 1283 1164 stella
1308 1132 1417 1166 maris

899 1188 961 1221 2b.
988 1189 1043 1221 Ad
1069 1189 1132 1222 hoc
1158 1198 1238 1230 opus
1264 1193 1474 1231 praesignata

987 1237 1033 1269 Et
1058 1247 1077 1270 a
1101 1237 1172 1270 Deo
1198 1237 1292 1270 nobis
1321 1238 1407 1273 data.

899 1294 958 1328 3b.
986 1295 1047 1335 Qui
1073 1294 1185 1327 felices
1210 1304 1269 1328 nos
1296 1296 1428 1328 seduxit

985 1343 1031 1375 Et
1054 1344 1088 1375 in
1114 1352 1204 1375 mare
1229 1353 1288 1376 nos
1314 1345 1438 1378 eduxit.

898 1400 957 1434 4b.
986 1401 1089 1443 Virga
1097 1398 1227 1441 florens,
1238 1402 1365 1442 produc
1376 1401 1527 1446 fructum,

988 1449 1049 1489 Qui
1075 1449 1230 1483 excludat
1253 1449 1345 1483 Evae
1369 1451 1503 1484 luctum.

899 1507 959 1542 51).
989 1507 1096 1541 Corda
1121 1510 1235 1541 nostra
1259 1511 1295 1541 tu
1321 1507 1462 1542 fecunda

1035 1556 1179 1600 Fronde,
1202 1555 1292 1601 flore,
1317 1556 1488 1591 fructibus.

899 1614 960 1648 ssb.
986 1615 1073 1648 Dum
1099 1615 1266 1648 admirans
1286 1616 1443 1658 intuetur,

986 1663 1039 1696 Ab
1066 1672 1199 1697 accessu
1223 1664 1426 1706 prohibetur,

985 1712 1099 1745 Nudos
1124 1712 1226 1752 pedes
1251 1713 1454 1750 admonetur,

585 1771 616 1803 7.
643 1768 748 1801 Solvit
773 1769 879 1801 iussus
907 1779 968 1802 nec
993 1771 1132 1812 accedit,

647 1817 730 1857 Quia
756 1820 849 1851 vetus
874 1819 930 1852 lex
955 1820 1093 1853 recedit.

259 1885 348 1914 Grau.
373 1893 428 1912 ms.
448 1884 673 1920 Longoretense
695 1891 772 1912 saec.
796 1881 840 1912 13.
889 1883 958 1913 Cod.
980 1886 1107 1914 Parisin.
1131 1883 1168 1914 10
1179 1883 1246 1914 511.
1267 1901 1304 1905 —
1326 1885 1380 1922 53,
1397 1886 1411 1915 1
1434 1887 1526 1926 Signo

181 1923 278 1962 virgo.
302 1939 341 1944 —
367 1921 419 1959 6b,
442 1920 460 1950 2
481 1932 615 1952 accensu.
643 1938 684 1943 —
709 1922 819 1951 Leider
838 1923 914 1952 fehlt
933 1924 985 1953 der
1010 1924 1130 1954 Schluss
1151 1925 1203 1954 der
1224 1925 1370 1962 Sequenz.

637 2028 683 2063 94.
715 2028 759 2060 De
780 2028 882 2060 Beata
906 2028 1010 2061 Maria
1031 2030 1068 2062 V.

190 2102 249 2136 13.
278 2103 362 2135 Tota
386 2102 526 2143 pulchra
551 2111 596 2146 es,
623 2102 728 2135 amica

324 2151 423 2193 Regis
449 2152 646 2192 angelorum,

275 2200 376 2241 Virgo
402 2201 547 2241 prudens
574 2203 607 2232 et
630 2199 761 2243 pudica,

327 2249 468 2283 Claritas
496 2250 670 2283 caelorum.

188 2309 207 2340 2
222 2317 251 2340 a.
277 2307 369 2340 Intus
395 2307 636 2349 pulchrioribus

277 2356 411 2390 Ornaris
440 2357 615 2390 virtutibus

187 2416 247 2448 3a.
273 2416 305 2447 A
330 2416 462 2448 verticis
489 2417 632 2449 caesarie

325 2465 437 2505 Usque
461 2465 561 2497 imum
586 2466 719 2506 plantae

889 2103 947 2137 11),
977 2104 1069 2137 Intus
1106 2102 1254 2147 pulchra,
1281 2103 1421 2145 pulchra
1446 2104 1526 2138 foris

1027 2153 1115 2185 Vere
1143 2152 1375 2195 comprobaris,

980 2201 1181 2235 Veneranda
1209 2202 1333 2234 cunctis
1359 2202 1460 2244 horis,

1027 2251 1139 2283 Mater
1165 2259 1282 2291 expers
1306 2252 1417 2285 maris

889 2308 950 2343 ab.
977 2308 1023 2342 Et
1049 2308 1292 2342 decentioribus

978 2357 1074 2391 Foris
1101 2358 1206 2400 polles
1232 2358 1388 2392 moribus.

888 2415 947 2449 3b.
976 2417 1027 2449 Tu
1053 2425 1087 2449 es
1113 2416 1184 2448 sine
1211 2417 1299 2449 carie

1024 2465 1071 2497 Te
1096 2463 1167 2497 Deo
1192 2469 1354 2499 servante.
