<?xml version="1.0" encoding="UTF-8"?>
<!DOCTYPE html PUBLIC "-//W3C//DTD XHTML 1.0 Transitional//EN"
    "http://www.w3.org/TR/xhtml1/DTD/xhtml1-transitional.dtd">
<html xmlns="http://www.w3.org/1999/xhtml" xml:lang="en" lang="en">
 <head>
  <title>
</title>
<meta http-equiv="Content-Type" content="text/html;charset=utf-8" />
  <meta name='ocr-system' content='tesseract 3.04.00' />
  <meta name='ocr-capabilities' content='ocr_page ocr_carea ocr_par ocr_line ocrx_word'/>
</head>
<body>
  <div class='ocr_page' id='page_1' title='image "./analectahymnica37drevuoft_00128.png"; bbox 0 0 1656 2690; ppageno 0'>
   <div class='ocr_carea' id='block_1_1' title="bbox 207 223 688 410">
    <p class='ocr_par' dir='ltr' id='par_1_1' title="bbox 207 223 688 410">
     <span class='ocr_line' id='line_1_1' title="bbox 207 223 656 268; baseline 0 -11"><span class='ocrx_word' id='word_1_1' title='bbox 207 226 265 258; x_wconf 80' lang='lat' dir='ltr'>7a.</span> <span class='ocrx_word' id='word_1_2' title='bbox 294 223 511 265; x_wconf 82' lang='lat' dir='ltr'>Suspenditur</span> <span class='ocrx_word' id='word_1_3' title='bbox 537 225 656 268; x_wconf 80' lang='lat' dir='ltr'>eculeo,</span> 
     </span>
     <span class='ocr_line' id='line_1_2' title="bbox 293 273 430 304; baseline 0 0"><span class='ocrx_word' id='word_1_4' title='bbox 293 273 430 304; x_wconf 88' lang='lat' dir='ltr'>verbere</span> 
     </span>
     <span class='ocr_line' id='line_1_3' title="bbox 290 320 627 362; baseline 0.006 -10"><span class='ocrx_word' id='word_1_5' title='bbox 290 320 457 353; x_wconf 82' lang='lat' dir='ltr'>laceratur</span> <span class='ocrx_word' id='word_1_6' title='bbox 480 320 627 362; x_wconf 77' lang='lat' dir='ltr'>horrido,</span> 
     </span>
     <span class='ocr_line' id='line_1_4' title="bbox 290 367 688 410; baseline 0.005 -10"><span class='ocrx_word' id='word_1_7' title='bbox 290 367 409 401; x_wconf 88' lang='lat' dir='ltr'>feritur</span> <span class='ocrx_word' id='word_1_8' title='bbox 436 372 535 410; x_wconf 86' lang='lat' dir='ltr'>caput</span> <span class='ocrx_word' id='word_1_9' title='bbox 560 370 688 403; x_wconf 82' lang='lat' dir='ltr'>maneo.</span> 
     </span>
    </p>
   </div>
   <div class='ocr_carea' id='block_1_2' title="bbox 201 427 732 565">
    <p class='ocr_par' dir='ltr' id='par_1_2' title="bbox 201 427 732 565">
     <span class='ocr_line' id='line_1_5' title="bbox 201 427 704 468; baseline -0.002 -8"><span class='ocrx_word' id='word_1_10' title='bbox 201 428 261 460; x_wconf 68' lang='lat'>851.</span> <span class='ocrx_word' id='word_1_11' title='bbox 289 428 523 460; x_wconf 77' lang='lat' dir='ltr'>Praesentatur</span> <span class='ocrx_word' id='word_1_12' title='bbox 547 427 704 468; x_wconf 75' lang='lat' dir='ltr'>praesidi,</span> 
     </span>
     <span class='ocr_line' id='line_1_6' title="bbox 288 475 699 517; baseline 0.002 -10"><span class='ocrx_word' id='word_1_13' title='bbox 288 476 359 508; x_wconf 87' lang='lat' dir='ltr'>visa</span> <span class='ocrx_word' id='word_1_14' title='bbox 384 475 547 508; x_wconf 89' lang='lat' dir='ltr'>medicina</span> <span class='ocrx_word' id='word_1_15' title='bbox 574 476 699 517; x_wconf 87' lang='lat' dir='ltr'>gratiae</span> 
     </span>
     <span class='ocr_line' id='line_1_7' title="bbox 289 524 732 565; baseline 0.002 -9"><span class='ocrx_word' id='word_1_16' title='bbox 289 525 431 556; x_wconf 84' lang='lat' dir='ltr'>clamant</span> <span class='ocrx_word' id='word_1_17' title='bbox 455 533 566 557; x_wconf 86' lang='lat' dir='ltr'>omnes</span> <span class='ocrx_word' id='word_1_18' title='bbox 593 524 732 565; x_wconf 87' lang='lat' dir='ltr'>perfidi:</span> 
     </span>
    </p>
   </div>
   <div class='ocr_carea' id='block_1_3' title="bbox 285 572 726 612">
    <p class='ocr_par' dir='ltr' id='par_1_3' title="bbox 285 572 726 612">
     <span class='ocr_line' id='line_1_8' title="bbox 285 572 726 612; baseline 0 -7"><span class='ocrx_word' id='word_1_19' title='bbox 285 573 348 612; x_wconf 78' lang='lat' dir='ltr'>En,</span> <span class='ocrx_word' id='word_1_20' title='bbox 374 572 535 605; x_wconf 88' lang='lat' dir='ltr'>idolorum</span> <span class='ocrx_word' id='word_1_21' title='bbox 562 573 708 605; x_wconf 84' lang='lat' dir='ltr'>remedia</span> <span class='ocrx_word' id='word_1_22' title='bbox 719 574 726 605; x_wconf 79' lang='lat' dir='ltr'>l</span> 
     </span>
    </p>
   </div>
   <div class='ocr_carea' id='block_1_4' title="bbox 203 630 766 914">
    <p class='ocr_par' dir='ltr' id='par_1_4' title="bbox 203 630 766 914">
     <span class='ocr_line' id='line_1_9' title="bbox 203 630 766 673; baseline -0.004 -8"><span class='ocrx_word' id='word_1_23' title='bbox 203 633 263 665; x_wconf 85' lang='lat' dir='ltr'>9a.</span> <span class='ocrx_word' id='word_1_24' title='bbox 291 630 377 663; x_wconf 87' lang='lat' dir='ltr'>Dum</span> <span class='ocrx_word' id='word_1_25' title='bbox 404 631 447 663; x_wconf 87' lang='lat' dir='ltr'>ad</span> <span class='ocrx_word' id='word_1_26' title='bbox 473 631 578 663; x_wconf 89' lang='lat' dir='ltr'>locum</span> <span class='ocrx_word' id='word_1_27' title='bbox 604 631 766 673; x_wconf 80' lang='lat' dir='ltr'>passionis</span> 
     </span>
     <span class='ocr_line' id='line_1_10' title="bbox 290 679 728 722; baseline -0.002 -10"><span class='ocrx_word' id='word_1_28' title='bbox 290 680 380 720; x_wconf 82' lang='lat' dir='ltr'>virgo</span> <span class='ocrx_word' id='word_1_29' title='bbox 406 682 494 711; x_wconf 87' lang='lat' dir='ltr'>meat</span> <span class='ocrx_word' id='word_1_30' title='bbox 514 679 610 722; x_wconf 87' lang='lat' dir='ltr'>laeta,</span> <span class='ocrx_word' id='word_1_31' title='bbox 638 688 728 712; x_wconf 88' lang='lat' dir='ltr'>more</span> 
     </span>
     <span class='ocr_line' id='line_1_11' title="bbox 292 728 545 760; baseline 0 -1"><span class='ocrx_word' id='word_1_32' title='bbox 292 728 442 759; x_wconf 84' lang='lat' dir='ltr'>emittens</span> <span class='ocrx_word' id='word_1_33' title='bbox 470 729 545 760; x_wconf 80' lang='lat' dir='ltr'>vota</span> 
     </span>
     <span class='ocr_line' id='line_1_12' title="bbox 288 775 490 820; baseline -0.005 -13"><span class='ocrx_word' id='word_1_34' title='bbox 288 775 490 820; x_wconf 82' lang='lat' dir='ltr'>petitionum,</span> 
     </span>
     <span class='ocr_line' id='line_1_13' title="bbox 289 823 651 865; baseline -0.003 -9"><span class='ocrx_word' id='word_1_35' title='bbox 289 827 446 865; x_wconf 76' lang='lat' dir='ltr'>procurat</span> <span class='ocrx_word' id='word_1_36' title='bbox 471 823 651 856; x_wconf 83' lang='lat' dir='ltr'>colentibus</span> 
     </span>
     <span class='ocr_line' id='line_1_14' title="bbox 290 873 664 914; baseline 0 -10"><span class='ocrx_word' id='word_1_37' title='bbox 290 874 499 914; x_wconf 81' lang='lat' dir='ltr'>peccatorum</span> <span class='ocrx_word' id='word_1_38' title='bbox 525 873 664 906; x_wconf 81' lang='lat' dir='ltr'>veniam.</span> 
     </span>
    </p>
   </div>
   <div class='ocr_carea' id='block_1_5' title="bbox 824 128 987 163">
    <p class='ocr_par' dir='ltr' id='par_1_5' title="bbox 824 128 987 163">
     <span class='ocr_line' id='line_1_15' title="bbox 824 128 987 163; baseline 0 0"><span class='ocrx_word' id='word_1_39' title='bbox 824 128 891 163; x_wconf 82' lang='lat'>125</span> <span class='ocrx_word' id='word_1_40' title='bbox 943 149 987 153; x_wconf 94' lang='lat'>--</span> 
     </span>
    </p>
   </div>
   <div class='ocr_carea' id='block_1_6' title="bbox 905 226 962 260">
    <p class='ocr_par' dir='ltr' id='par_1_6' title="bbox 905 226 962 260">
     <span class='ocr_line' id='line_1_16' title="bbox 905 226 962 260; baseline 0 -1"><span class='ocrx_word' id='word_1_41' title='bbox 905 226 962 260; x_wconf 86' lang='lat' dir='ltr'><em>¹7b.</em></span> 
     </span>
    </p>
   </div>
   <div class='ocr_carea' id='block_1_7' title="bbox 900 428 961 463">
    <p class='ocr_par' dir='ltr' id='par_1_7' title="bbox 900 428 961 463">
     <span class='ocr_line' id='line_1_17' title="bbox 900 428 961 463; baseline 0.016 -2"><span class='ocrx_word' id='word_1_42' title='bbox 900 428 961 463; x_wconf 84' lang='lat' dir='ltr'>8b.</span> 
     </span>
    </p>
   </div>
   <div class='ocr_carea' id='block_1_8' title="bbox 900 631 959 665">
    <p class='ocr_par' dir='ltr' id='par_1_8' title="bbox 900 631 959 665">
     <span class='ocr_line' id='line_1_18' title="bbox 900 631 959 665; baseline -0.051 0"><span class='ocrx_word' id='word_1_43' title='bbox 900 631 959 665; x_wconf 86' lang='lat' dir='ltr'>9b.</span> 
     </span>
    </p>
   </div>
   <div class='ocr_carea' id='block_1_9' title="bbox 552 929 1154 1117">
    <p class='ocr_par' dir='ltr' id='par_1_9' title="bbox 552 929 1154 1117">
     <span class='ocr_line' id='line_1_19' title="bbox 552 929 953 971; baseline -0.005 -7"><span class='ocrx_word' id='word_1_44' title='bbox 552 931 607 964; x_wconf 90' lang='lat'>10.</span> <span class='ocrx_word' id='word_1_45' title='bbox 636 931 662 965; x_wconf 92' lang='lat' dir='ltr'>O</span> <span class='ocrx_word' id='word_1_46' title='bbox 689 929 769 963; x_wconf 76' lang='lat' dir='ltr'>felix</span> <span class='ocrx_word' id='word_1_47' title='bbox 794 930 953 971; x_wconf 82' lang='lat' dir='ltr'>Barbara,</span> 
     </span>
     <span class='ocr_line' id='line_1_20' title="bbox 635 978 1154 1022; baseline 0 -11"><span class='ocrx_word' id='word_1_48' title='bbox 635 980 724 1011; x_wconf 90' lang='lat' dir='ltr'>intra</span> <span class='ocrx_word' id='word_1_49' title='bbox 748 979 816 1022; x_wconf 86' lang='lat' dir='ltr'>poli</span> <span class='ocrx_word' id='word_1_50' title='bbox 842 978 989 1011; x_wconf 84' lang='lat' dir='ltr'>residens</span> <span class='ocrx_word' id='word_1_51' title='bbox 1015 979 1154 1021; x_wconf 79' lang='lat' dir='ltr'>moenia,</span> 
     </span>
     <span class='ocr_line' id='line_1_21' title="bbox 639 1027 1108 1069; baseline -0.002 -10"><span class='ocrx_word' id='word_1_52' title='bbox 639 1027 746 1059; x_wconf 85' lang='lat' dir='ltr'>cordis</span> <span class='ocrx_word' id='word_1_53' title='bbox 774 1028 899 1069; x_wconf 80' lang='lat' dir='ltr'>corrige</span> <span class='ocrx_word' id='word_1_54' title='bbox 924 1028 1108 1068; x_wconf 74' lang='lat' dir='ltr'>amentiam,</span> 
     </span>
     <span class='ocr_line' id='line_1_22' title="bbox 639 1076 1142 1117; baseline 0.002 -10"><span class='ocrx_word' id='word_1_55' title='bbox 639 1077 881 1108; x_wconf 80' lang='lat' dir='ltr'>commissorum</span> <span class='ocrx_word' id='word_1_56' title='bbox 906 1076 1142 1117; x_wconf 80' lang='lat' dir='ltr'>indulgentiam</span> 
     </span>
    </p>
   </div>
   <div class='ocr_carea' id='block_1_10' title="bbox 639 1124 808 1165">
    <p class='ocr_par' dir='ltr' id='par_1_10' title="bbox 639 1124 808 1165">
     <span class='ocr_line' id='line_1_23' title="bbox 639 1124 808 1165; baseline -0.006 -8"><span class='ocrx_word' id='word_1_57' title='bbox 639 1124 691 1165; x_wconf 82' lang='lat' dir='ltr'>da,</span> <span class='ocrx_word' id='word_1_58' title='bbox 718 1133 808 1157; x_wconf 85' lang='lat' dir='ltr'>esum</span> 
     </span>
    </p>
   </div>
   <div class='ocr_carea' id='block_1_11' title="bbox 640 1173 1218 1262">
    <p class='ocr_par' dir='ltr' id='par_1_11' title="bbox 640 1173 1218 1262">
     <span class='ocr_line' id='line_1_24' title="bbox 640 1173 896 1213; baseline 0.004 -9"><span class='ocrx_word' id='word_1_59' title='bbox 640 1173 786 1213; x_wconf 81' lang='lat' dir='ltr'>corporis</span> <span class='ocrx_word' id='word_1_60' title='bbox 813 1173 896 1212; x_wconf 86' lang='lat' dir='ltr'>Iesu,</span> 
     </span>
     <span class='ocr_line' id='line_1_25' title="bbox 642 1221 1218 1262; baseline -0.002 -9"><span class='ocrx_word' id='word_1_61' title='bbox 642 1221 811 1254; x_wconf 84' lang='lat' dir='ltr'>beatorum</span> <span class='ocrx_word' id='word_1_62' title='bbox 840 1221 882 1253; x_wconf 87' lang='lat' dir='ltr'>da</span> <span class='ocrx_word' id='word_1_63' title='bbox 907 1221 1026 1262; x_wconf 84' lang='lat' dir='ltr'>gaudia</span> <span class='ocrx_word' id='word_1_64' title='bbox 1050 1221 1218 1262; x_wconf 87' lang='lat' dir='ltr'>perennia.</span> 
     </span>
    </p>
   </div>
   <div class='ocr_carea' id='block_1_12' title="bbox 986 226 1503 411">
    <p class='ocr_par' dir='ltr' id='par_1_12' title="bbox 986 226 1503 307">
     <span class='ocr_line' id='line_1_26' title="bbox 987 226 1503 264; baseline -0.002 -5"><span class='ocrx_word' id='word_1_65' title='bbox 987 226 1075 259; x_wconf 86' lang='lat' dir='ltr'>Hinc</span> <span class='ocrx_word' id='word_1_66' title='bbox 1099 227 1243 259; x_wconf 88' lang='lat' dir='ltr'>truditur</span> <span class='ocrx_word' id='word_1_67' title='bbox 1268 226 1302 258; x_wconf 90' lang='lat' dir='ltr'>in</span> <span class='ocrx_word' id='word_1_68' title='bbox 1327 233 1503 264; x_wconf 78' lang='lat' dir='ltr'>carcerem,</span> 
     </span>
     <span class='ocr_line' id='line_1_27' title="bbox 986 275 1101 307; baseline 0 -1"><span class='ocrx_word' id='word_1_69' title='bbox 986 275 1101 307; x_wconf 86' lang='lat' dir='ltr'>iubare</span> 
     </span>
    </p>

    <p class='ocr_par' dir='ltr' id='par_1_13' title="bbox 987 323 1458 411">
     <span class='ocr_line' id='line_1_28' title="bbox 989 323 1349 366; baseline 0 -12"><span class='ocrx_word' id='word_1_70' title='bbox 989 323 1173 355; x_wconf 86' lang='lat' dir='ltr'>consolatur</span> <span class='ocrx_word' id='word_1_71' title='bbox 1198 323 1349 366; x_wconf 82' lang='lat' dir='ltr'>aetheris,</span> 
     </span>
     <span class='ocr_line' id='line_1_29' title="bbox 987 371 1458 411; baseline 0 -8"><span class='ocrx_word' id='word_1_72' title='bbox 987 374 1143 404; x_wconf 83' lang='lat' dir='ltr'>sanantur</span> <span class='ocrx_word' id='word_1_73' title='bbox 1170 371 1271 404; x_wconf 85' lang='lat' dir='ltr'>cladis</span> <span class='ocrx_word' id='word_1_74' title='bbox 1297 371 1458 411; x_wconf 81' lang='lat' dir='ltr'>stigmata.</span> 
     </span>
    </p>
   </div>
   <div class='ocr_carea' id='block_1_13' title="bbox 986 428 1528 615">
    <p class='ocr_par' dir='ltr' id='par_1_14' title="bbox 988 428 1289 462">
     <span class='ocr_line' id='line_1_30' title="bbox 988 428 1289 462; baseline -0.007 0"><span class='ocrx_word' id='word_1_75' title='bbox 988 429 1165 462; x_wconf 81' lang='lat' dir='ltr'>Revelatur</span> <span class='ocrx_word' id='word_1_76' title='bbox 1187 428 1289 461; x_wconf 86' lang='lat' dir='ltr'>iudici</span> 
     </span>
    </p>

    <p class='ocr_par' dir='ltr' id='par_1_15' title="bbox 987 477 1409 566">
     <span class='ocr_line' id='line_1_31' title="bbox 990 477 1409 518; baseline -0.002 -9"><span class='ocrx_word' id='word_1_77' title='bbox 990 478 1063 510; x_wconf 90' lang='lat' dir='ltr'>diae</span> <span class='ocrx_word' id='word_1_78' title='bbox 1085 477 1248 509; x_wconf 90' lang='lat' dir='ltr'>ierarchia</span> <span class='ocrx_word' id='word_1_79' title='bbox 1274 477 1409 518; x_wconf 87' lang='lat' dir='ltr'>gloriae,</span> 
     </span>
     <span class='ocr_line' id='line_1_32' title="bbox 987 525 1406 566; baseline -0.002 -9"><span class='ocrx_word' id='word_1_80' title='bbox 987 525 1089 559; x_wconf 81' lang='lat' dir='ltr'>tradit</span> <span class='ocrx_word' id='word_1_81' title='bbox 1114 525 1212 558; x_wconf 88' lang='lat' dir='ltr'>morti</span> <span class='ocrx_word' id='word_1_82' title='bbox 1238 526 1406 566; x_wconf 83' lang='lat' dir='ltr'>virg-inem,</span> 
     </span>
    </p>

    <p class='ocr_par' dir='ltr' id='par_1_16' title="bbox 986 572 1528 615">
     <span class='ocr_line' id='line_1_33' title="bbox 986 572 1528 615; baseline 0.002 -9"><span class='ocrx_word' id='word_1_83' title='bbox 986 582 1050 606; x_wconf 84' lang='lat' dir='ltr'>vox</span> <span class='ocrx_word' id='word_1_84' title='bbox 1064 572 1226 606; x_wconf 80' lang='lat' dir='ltr'>Gabrielis</span> <span class='ocrx_word' id='word_1_85' title='bbox 1242 577 1280 605; x_wconf 92' lang='lat' dir='ltr'>ut</span> <span class='ocrx_word' id='word_1_86' title='bbox 1296 574 1528 615; x_wconf 75' lang='lat' dir='ltr'>praenosticat.</span> 
     </span>
    </p>
   </div>
   <div class='ocr_carea' id='block_1_14' title="bbox 986 631 1481 907">
    <p class='ocr_par' dir='ltr' id='par_1_17' title="bbox 986 631 1481 768">
     <span class='ocr_line' id='line_1_34' title="bbox 986 631 1386 664; baseline 0 -1"><span class='ocrx_word' id='word_1_87' title='bbox 986 631 1057 663; x_wconf 86' lang='lat' dir='ltr'>Ictu</span> <span class='ocrx_word' id='word_1_88' title='bbox 1084 639 1179 664; x_wconf 86' lang='lat' dir='ltr'>caesa</span> <span class='ocrx_word' id='word_1_89' title='bbox 1205 631 1290 663; x_wconf 84' lang='lat' dir='ltr'>ensis</span> <span class='ocrx_word' id='word_1_90' title='bbox 1316 631 1386 664; x_wconf 85' lang='lat' dir='ltr'>diro</span> 
     </span>
     <span class='ocr_line' id='line_1_35' title="bbox 987 679 1481 720; baseline 0 -9"><span class='ocrx_word' id='word_1_91' title='bbox 987 680 1083 711; x_wconf 84' lang='lat' dir='ltr'>turba</span> <span class='ocrx_word' id='word_1_92' title='bbox 1108 679 1222 719; x_wconf 83' lang='lat' dir='ltr'>psallit</span> <span class='ocrx_word' id='word_1_93' title='bbox 1246 688 1481 720; x_wconf 84' lang='lat' dir='ltr'>supernorum3</span> 
     </span>
     <span class='ocr_line' id='line_1_36' title="bbox 988 728 1224 768; baseline -0.004 -8"><span class='ocrx_word' id='word_1_94' title='bbox 988 728 1120 760; x_wconf 85' lang='lat' dir='ltr'>caelesti</span> <span class='ocrx_word' id='word_1_95' title='bbox 1146 736 1224 768; x_wconf 87' lang='lat' dir='ltr'>rogo</span> 
     </span>
    </p>

    <p class='ocr_par' dir='ltr' id='par_1_18' title="bbox 989 778 1298 815">
     <span class='ocr_line' id='line_1_37' title="bbox 989 778 1298 815; baseline 0 -8"><span class='ocrx_word' id='word_1_96' title='bbox 989 778 1178 815; x_wconf 88' lang='lat' dir='ltr'>consumpto</span> <span class='ocrx_word' id='word_1_97' title='bbox 1204 778 1298 815; x_wconf 87' lang='lat' dir='ltr'>patre</span> 
     </span>
    </p>

    <p class='ocr_par' dir='ltr' id='par_1_19' title="bbox 987 824 1378 907">
     <span class='ocr_line' id='line_1_38' title="bbox 987 824 1378 864; baseline -0.003 -8"><span class='ocrx_word' id='word_1_98' title='bbox 987 824 1129 856; x_wconf 88' lang='lat' dir='ltr'>credidit</span> <span class='ocrx_word' id='word_1_99' title='bbox 1152 832 1378 864; x_wconf 86' lang='lat' dir='ltr'>perversorum</span> 
     </span>
     <span class='ocr_line' id='line_1_39' title="bbox 989 871 1338 907; baseline 0.009 -3"><span class='ocrx_word' id='word_1_100' title='bbox 989 872 1163 906; x_wconf 81' lang='lat' dir='ltr'>multitudo</span> <span class='ocrx_word' id='word_1_101' title='bbox 1187 871 1338 907; x_wconf 75' lang='lat' dir='ltr'>Domino,</span> 
     </span>
    </p>
   </div>
   <div class='ocr_carea' id='block_1_15' title="bbox 190 1285 1533 1440">
    <p class='ocr_par' dir='ltr' id='par_1_20' title="bbox 190 1285 1533 1440">
     <span class='ocr_line' id='line_1_40' title="bbox 271 1285 1529 1323; baseline -0.002 -7"><span class='ocrx_word' id='word_1_102' title='bbox 271 1288 394 1317; x_wconf 78' lang='lat' dir='ltr'>Collect.</span> <span class='ocrx_word' id='word_1_103' title='bbox 415 1297 469 1316; x_wconf 89' lang='lat' dir='ltr'>ms.</span> <span class='ocrx_word' id='word_1_104' title='bbox 490 1288 693 1317; x_wconf 83' lang='lat' dir='ltr'>Eremitarum</span> <span class='ocrx_word' id='word_1_105' title='bbox 714 1287 743 1315; x_wconf 83' lang='lat' dir='ltr'>S.</span> <span class='ocrx_word' id='word_1_106' title='bbox 759 1289 923 1323; x_wconf 86' lang='lat' dir='ltr'>Augustini</span> <span class='ocrx_word' id='word_1_107' title='bbox 943 1296 1020 1316; x_wconf 82' lang='lat' dir='ltr'>saec.</span> <span class='ocrx_word' id='word_1_108' title='bbox 1044 1286 1088 1315; x_wconf 88' lang='grc'>15.</span> <span class='ocrx_word' id='word_1_109' title='bbox 1124 1285 1194 1315; x_wconf 80' lang='lat' dir='ltr'>cod.</span> <span class='ocrx_word' id='word_1_110' title='bbox 1208 1287 1306 1315; x_wconf 80' lang='lat' dir='ltr'>Palat.</span> <span class='ocrx_word' id='word_1_111' title='bbox 1321 1287 1529 1316; x_wconf 84' lang='lat' dir='ltr'>Vindobonen.</span> 
     </span>
     <span class='ocr_line' id='line_1_41' title="bbox 190 1323 1530 1356; baseline -0.001 0"><span class='ocrx_word' id='word_1_112' title='bbox 190 1325 276 1356; x_wconf 81' lang='lat'>5094.</span> <span class='ocrx_word' id='word_1_113' title='bbox 302 1328 337 1355; x_wconf 89' lang='lat' dir='ltr'>A.</span> <span class='ocrx_word' id='word_1_114' title='bbox 378 1328 437 1356; x_wconf 87' lang='lat' dir='ltr'>Mit</span> <span class='ocrx_word' id='word_1_115' title='bbox 459 1327 599 1355; x_wconf 79' lang='lat' dir='ltr'>Melodie.</span> <span class='ocrx_word' id='word_1_116' title='bbox 629 1340 666 1346; x_wconf 79' lang='grc'>--</span> <span class='ocrx_word' id='word_1_117' title='bbox 698 1327 770 1354; x_wconf 74' lang='lat' dir='ltr'>Cori.</span> <span class='ocrx_word' id='word_1_118' title='bbox 799 1326 894 1354; x_wconf 88' lang='lat' dir='ltr'>Palat.</span> <span class='ocrx_word' id='word_1_119' title='bbox 916 1326 1123 1354; x_wconf 81' lang='lat' dir='ltr'>Vindobonen.</span> <span class='ocrx_word' id='word_1_120' title='bbox 1145 1323 1228 1354; x_wconf 11' lang='lat'>3818?</span> <span class='ocrx_word' id='word_1_121' title='bbox 1257 1335 1334 1354; x_wconf 84' lang='lat' dir='ltr'>saec.</span> <span class='ocrx_word' id='word_1_122' title='bbox 1359 1324 1403 1353; x_wconf 83' lang='lat'>15.</span> <span class='ocrx_word' id='word_1_123' title='bbox 1431 1328 1465 1355; x_wconf 88' lang='lat' dir='ltr'>B.</span> <span class='ocrx_word' id='word_1_124' title='bbox 1493 1340 1530 1345; x_wconf 92' lang='lat'>—</span> 
     </span>
     <span class='ocr_line' id='line_1_42' title="bbox 192 1362 1532 1401; baseline -0.002 -7"><span class='ocrx_word' id='word_1_125' title='bbox 192 1364 217 1401; x_wconf 88' lang='lat'>1,</span> <span class='ocrx_word' id='word_1_126' title='bbox 244 1363 262 1394; x_wconf 79' lang='grc'><strong>2</strong></span> <span class='ocrx_word' id='word_1_127' title='bbox 287 1366 448 1394; x_wconf 84' lang='lat' dir='ltr'>formosam</span> <span class='ocrx_word' id='word_1_128' title='bbox 475 1367 506 1394; x_wconf 85' lang='grc' dir='ltr'>Β.</span> <span class='ocrx_word' id='word_1_129' title='bbox 536 1381 574 1385; x_wconf 84' lang='grc'>-</span> <span class='ocrx_word' id='word_1_130' title='bbox 603 1363 655 1400; x_wconf 82' lang='grc'>21),</span> <span class='ocrx_word' id='word_1_131' title='bbox 681 1364 695 1393; x_wconf 93' lang='grc'>1</span> <span class='ocrx_word' id='word_1_132' title='bbox 723 1366 796 1394; x_wconf 83' lang='lat' dir='ltr'>Ulla</span> <span class='ocrx_word' id='word_1_133' title='bbox 815 1366 849 1393; x_wconf 91' lang='lat' dir='ltr'>B.</span> <span class='ocrx_word' id='word_1_134' title='bbox 871 1381 908 1385; x_wconf 97' lang='lat'>—</span> <span class='ocrx_word' id='word_1_135' title='bbox 930 1362 983 1398; x_wconf 84' lang='lat' dir='ltr'>3a,</span> <span class='ocrx_word' id='word_1_136' title='bbox 1006 1364 1023 1393; x_wconf 87' lang='grc'><em>5</em></span> <span class='ocrx_word' id='word_1_137' title='bbox 1049 1365 1134 1393; x_wconf 87' lang='lat' dir='ltr'>nulla</span> <span class='ocrx_word' id='word_1_138' title='bbox 1153 1366 1186 1393; x_wconf 86' lang='lat' dir='ltr'>B.</span> <span class='ocrx_word' id='word_1_139' title='bbox 1215 1379 1251 1383; x_wconf 94' lang='lat'><strong>—</strong></span> <span class='ocrx_word' id='word_1_140' title='bbox 1283 1362 1333 1400; x_wconf 69' lang='lat'>31³,</span> <span class='ocrx_word' id='word_1_141' title='bbox 1356 1363 1373 1391; x_wconf 83' lang='lat'><strong>7</strong></span> <span class='ocrx_word' id='word_1_142' title='bbox 1394 1365 1532 1393; x_wconf 83' lang='lat' dir='ltr'>libamini</span> 
     </span>
     <span class='ocr_line' id='line_1_43' title="bbox 190 1401 1533 1440; baseline -0.002 -7"><span class='ocrx_word' id='word_1_143' title='bbox 190 1406 223 1433; x_wconf 84' lang='lat' dir='ltr'>B.</span> <span class='ocrx_word' id='word_1_144' title='bbox 245 1420 284 1425; x_wconf 86' lang='lat'>-—</span> <span class='ocrx_word' id='word_1_145' title='bbox 312 1404 366 1440; x_wconf 67' lang='lat'>41³,</span> <span class='ocrx_word' id='word_1_146' title='bbox 387 1403 408 1432; x_wconf 78' lang='lat'>4</span> <span class='ocrx_word' id='word_1_147' title='bbox 426 1407 542 1433; x_wconf 78' lang='lat' dir='ltr'>ternum</span> <span class='ocrx_word' id='word_1_148' title='bbox 566 1405 603 1431; x_wconf 89' lang='lat' dir='ltr'>A.</span> <span class='ocrx_word' id='word_1_149' title='bbox 628 1419 667 1424; x_wconf 91' lang='lat'>—-</span> <span class='ocrx_word' id='word_1_150' title='bbox 693 1403 745 1438; x_wconf 80' lang='grc'>51),</span> <span class='ocrx_word' id='word_1_151' title='bbox 766 1403 786 1432; x_wconf 79' lang='lat'><strong>4</strong></span> <span class='ocrx_word' id='word_1_152' title='bbox 804 1405 890 1432; x_wconf 81' lang='lat' dir='ltr'>rabie</span> <span class='ocrx_word' id='word_1_153' title='bbox 911 1405 946 1433; x_wconf 81' lang='lat' dir='ltr'>A.</span> <span class='ocrx_word' id='word_1_154' title='bbox 967 1419 1005 1423; x_wconf 91' lang='lat'>—</span> <span class='ocrx_word' id='word_1_155' title='bbox 1026 1402 1080 1438; x_wconf 77' lang='grc'>81),</span> <span class='ocrx_word' id='word_1_156' title='bbox 1102 1401 1121 1430; x_wconf 84' lang='lat'>2</span> <span class='ocrx_word' id='word_1_157' title='bbox 1139 1403 1306 1431; x_wconf 71' lang='lat' dir='ltr'>ierarchiae</span> <span class='ocrx_word' id='word_1_158' title='bbox 1326 1403 1360 1431; x_wconf 88' lang='lat' dir='ltr'>B.</span> <span class='ocrx_word' id='word_1_159' title='bbox 1384 1419 1419 1423; x_wconf 91' lang='lat'>--</span> <span class='ocrx_word' id='word_1_160' title='bbox 1439 1402 1492 1436; x_wconf 65' lang='lat'>93,</span> <span class='ocrx_word' id='word_1_161' title='bbox 1513 1402 1533 1430; x_wconf 75' lang='lat'>4</span> 
     </span>
    </p>
   </div>
   <div class='ocr_carea' id='block_1_16' title="bbox 190 1445 404 1480">
    <p class='ocr_par' dir='ltr' id='par_1_21' title="bbox 190 1445 404 1480">
     <span class='ocr_line' id='line_1_44' title="bbox 190 1445 404 1480; baseline -0.009 -8"><span class='ocrx_word' id='word_1_162' title='bbox 190 1445 347 1480; x_wconf 84' lang='lat' dir='ltr'>petitionis</span> <span class='ocrx_word' id='word_1_163' title='bbox 370 1446 404 1473; x_wconf 89' lang='lat' dir='ltr'>A.</span> 
     </span>
    </p>
   </div>
   <div class='ocr_carea' id='block_1_17' title="bbox 633 1527 1087 1560">
    <p class='ocr_par' dir='ltr' id='par_1_22' title="bbox 633 1527 1087 1560">
     <span class='ocr_line' id='line_1_45' title="bbox 633 1527 1087 1560; baseline -0.004 -1"><span class='ocrx_word' id='word_1_164' title='bbox 633 1527 693 1560; x_wconf 84' lang='lat'>136.</span> <span class='ocrx_word' id='word_1_165' title='bbox 734 1527 778 1559; x_wconf 88' lang='lat' dir='ltr'>De</span> <span class='ocrx_word' id='word_1_166' title='bbox 798 1528 912 1560; x_wconf 84' lang='lat' dir='ltr'>sancta</span> <span class='ocrx_word' id='word_1_167' title='bbox 933 1527 1087 1559; x_wconf 84' lang='lat' dir='ltr'>Barbara.</span> 
     </span>
    </p>
   </div>
   <div class='ocr_carea' id='block_1_18' title="bbox 654 1589 1091 1720">
    <p class='ocr_par' dir='ltr' id='par_1_23' title="bbox 654 1589 1091 1720">
     <span class='ocr_line' id='line_1_46' title="bbox 654 1589 1088 1624; baseline -0.007 0"><span class='ocrx_word' id='word_1_168' title='bbox 654 1591 683 1624; x_wconf 84' lang='lat'>1.</span> <span class='ocrx_word' id='word_1_169' title='bbox 712 1589 839 1622; x_wconf 86' lang='lat' dir='ltr'>Psallat</span> <span class='ocrx_word' id='word_1_170' title='bbox 865 1599 933 1622; x_wconf 91' lang='lat' dir='ltr'>cum</span> <span class='ocrx_word' id='word_1_171' title='bbox 961 1590 1088 1623; x_wconf 87' lang='lat' dir='ltr'>laetitia</span> 
     </span>
     <span class='ocr_line' id='line_1_47' title="bbox 715 1639 1078 1671; baseline 0 -1"><span class='ocrx_word' id='word_1_172' title='bbox 715 1639 839 1671; x_wconf 89' lang='lat' dir='ltr'>Vocum</span> <span class='ocrx_word' id='word_1_173' title='bbox 867 1639 1078 1671; x_wconf 78' lang='lat' dir='ltr'>consonantia</span> 
     </span>
     <span class='ocr_line' id='line_1_48' title="bbox 765 1687 1091 1720; baseline 0.003 -1"><span class='ocrx_word' id='word_1_174' title='bbox 765 1687 829 1720; x_wconf 81' lang='lat' dir='ltr'>Die</span> <span class='ocrx_word' id='word_1_175' title='bbox 854 1687 917 1719; x_wconf 86' lang='lat' dir='ltr'>hac</span> <span class='ocrx_word' id='word_1_176' title='bbox 944 1687 1091 1720; x_wconf 80' lang='lat' dir='ltr'>ecclesia.</span> 
     </span>
    </p>
   </div>
   <div class='ocr_carea' id='block_1_19' title="bbox 201 1743 722 1885">
    <p class='ocr_par' dir='ltr' id='par_1_24' title="bbox 201 1743 722 1885">
     <span class='ocr_line' id='line_1_49' title="bbox 201 1743 674 1781; baseline -0.008 0"><span class='ocrx_word' id='word_1_177' title='bbox 201 1750 262 1781; x_wconf 85' lang='lat' dir='ltr'>2a.</span> <span class='ocrx_word' id='word_1_178' title='bbox 291 1747 402 1779; x_wconf 87' lang='lat' dir='ltr'>Omnis</span> <span class='ocrx_word' id='word_1_179' title='bbox 425 1743 542 1778; x_wconf 71' lang='lat' dir='ltr'>&#39;nostra</span> <span class='ocrx_word' id='word_1_180' title='bbox 569 1746 674 1778; x_wconf 88' lang='lat' dir='ltr'>contio</span> 
     </span>
     <span class='ocr_line' id='line_1_50' title="bbox 289 1795 682 1836; baseline -0.005 -8"><span class='ocrx_word' id='word_1_181' title='bbox 289 1796 413 1828; x_wconf 85' lang='lat' dir='ltr'>Psallat</span> <span class='ocrx_word' id='word_1_182' title='bbox 441 1804 511 1827; x_wconf 84' lang='lat' dir='ltr'>cum</span> <span class='ocrx_word' id='word_1_183' title='bbox 537 1795 682 1836; x_wconf 86' lang='lat' dir='ltr'>tripudio</span> 
     </span>
     <span class='ocr_line' id='line_1_51' title="bbox 335 1843 722 1885; baseline -0.008 -8"><span class='ocrx_word' id='word_1_184' title='bbox 335 1844 391 1877; x_wconf 85' lang='lat' dir='ltr'>Ad</span> <span class='ocrx_word' id='word_1_185' title='bbox 416 1847 507 1876; x_wconf 81' lang='lat' dir='ltr'>tanta</span> <span class='ocrx_word' id='word_1_186' title='bbox 532 1843 722 1885; x_wconf 87' lang='lat' dir='ltr'>sollemnia;</span> 
     </span>
    </p>
   </div>
   <div class='ocr_carea' id='block_1_20' title="bbox 200 1901 731 2042">
    <p class='ocr_par' dir='ltr' id='par_1_25' title="bbox 200 1901 731 2042">
     <span class='ocr_line' id='line_1_52' title="bbox 200 1901 731 1938; baseline -0.008 -1"><span class='ocrx_word' id='word_1_187' title='bbox 200 1906 261 1938; x_wconf 80' lang='lat' dir='ltr'>3a.</span> <span class='ocrx_word' id='word_1_188' title='bbox 290 1903 382 1935; x_wconf 85' lang='lat' dir='ltr'>Haec</span> <span class='ocrx_word' id='word_1_189' title='bbox 407 1901 585 1935; x_wconf 86' lang='lat' dir='ltr'>secundum</span> <span class='ocrx_word' id='word_1_190' title='bbox 609 1901 731 1934; x_wconf 89' lang='lat' dir='ltr'>saeculi</span> 
     </span>
     <span class='ocr_line' id='line_1_53' title="bbox 288 1950 622 1993; baseline -0.003 -9"><span class='ocrx_word' id='word_1_191' title='bbox 288 1951 492 1993; x_wconf 78' lang='lat' dir='ltr'>Dignitatem</span> <span class='ocrx_word' id='word_1_192' title='bbox 517 1950 622 1984; x_wconf 91' lang='lat' dir='ltr'>nobili</span> 
     </span>
     <span class='ocr_line' id='line_1_54' title="bbox 336 2000 682 2042; baseline -0.003 -9"><span class='ocrx_word' id='word_1_193' title='bbox 336 2000 492 2033; x_wconf 82' lang='lat' dir='ltr'>Nascitur</span> <span class='ocrx_word' id='word_1_194' title='bbox 517 2000 682 2042; x_wconf 79' lang='lat' dir='ltr'>prosapia.</span> 
     </span>
    </p>
   </div>
   <div class='ocr_carea' id='block_1_21' title="bbox 199 2058 760 2245">
    <p class='ocr_par' dir='ltr' id='par_1_26' title="bbox 199 2058 760 2198">
     <span class='ocr_line' id='line_1_55' title="bbox 199 2058 708 2100; baseline -0.008 -7"><span class='ocrx_word' id='word_1_195' title='bbox 199 2062 258 2093; x_wconf 84' lang='lat' dir='ltr'>4a.</span> <span class='ocrx_word' id='word_1_196' title='bbox 285 2059 399 2092; x_wconf 85' lang='lat' dir='ltr'>Mente</span> <span class='ocrx_word' id='word_1_197' title='bbox 422 2058 528 2091; x_wconf 88' lang='lat' dir='ltr'>Deum</span> <span class='ocrx_word' id='word_1_198' title='bbox 556 2058 708 2100; x_wconf 85' lang='lat' dir='ltr'>concipit,</span> 
     </span>
     <span class='ocr_line' id='line_1_56' title="bbox 288 2107 744 2150; baseline -0.004 -10"><span class='ocrx_word' id='word_1_199' title='bbox 288 2107 377 2140; x_wconf 89' lang='lat' dir='ltr'>Duas</span> <span class='ocrx_word' id='word_1_200' title='bbox 403 2108 436 2140; x_wconf 91' lang='lat' dir='ltr'>in</span> <span class='ocrx_word' id='word_1_201' title='bbox 464 2108 558 2140; x_wconf 84' lang='lat' dir='ltr'>domo</span> <span class='ocrx_word' id='word_1_202' title='bbox 585 2107 744 2150; x_wconf 84' lang='lat' dir='ltr'>conspicit</span> 
     </span>
     <span class='ocr_line' id='line_1_57' title="bbox 288 2156 760 2198; baseline -0.008 -8"><span class='ocrx_word' id='word_1_203' title='bbox 288 2156 476 2197; x_wconf 83' lang='lat' dir='ltr'>Fenestras,</span> <span class='ocrx_word' id='word_1_204' title='bbox 503 2156 561 2188; x_wconf 87' lang='lat' dir='ltr'>sed</span> <span class='ocrx_word' id='word_1_205' title='bbox 588 2156 760 2198; x_wconf 87' lang='lat' dir='ltr'>praecipit,</span> 
     </span>
    </p>

    <p class='ocr_par' dir='ltr' id='par_1_27' title="bbox 335 2204 696 2245">
     <span class='ocr_line' id='line_1_58' title="bbox 335 2204 696 2245; baseline -0.006 -5"><span class='ocrx_word' id='word_1_206' title='bbox 335 2207 381 2240; x_wconf 85' lang='lat' dir='ltr'>Ut</span> <span class='ocrx_word' id='word_1_207' title='bbox 406 2205 470 2237; x_wconf 90' lang='lat' dir='ltr'>iam</span> <span class='ocrx_word' id='word_1_208' title='bbox 498 2204 556 2238; x_wconf 84' lang='lat' dir='ltr'>fiat</span> <span class='ocrx_word' id='word_1_209' title='bbox 580 2206 696 2245; x_wconf 79' lang='lat' dir='ltr'>tertia3</span> 
     </span>
    </p>
   </div>
   <div class='ocr_carea' id='block_1_22' title="bbox 198 2264 739 2501">
    <p class='ocr_par' dir='ltr' id='par_1_28' title="bbox 198 2264 739 2501">
     <span class='ocr_line' id='line_1_59' title="bbox 198 2264 515 2305; baseline -0.013 -5"><span class='ocrx_word' id='word_1_210' title='bbox 198 2267 216 2300; x_wconf 90' lang='lat'>5</span> <span class='ocrx_word' id='word_1_211' title='bbox 232 2276 260 2299; x_wconf 70' lang='lat' dir='ltr'>a,</span> <span class='ocrx_word' id='word_1_212' title='bbox 289 2264 408 2297; x_wconf 83' lang='lat' dir='ltr'>Planta</span> <span class='ocrx_word' id='word_1_213' title='bbox 431 2273 515 2305; x_wconf 87' lang='lat' dir='ltr'>pura</span> 
     </span>
     <span class='ocr_line' id='line_1_60' title="bbox 287 2312 483 2354; baseline 0 -9"><span class='ocrx_word' id='word_1_214' title='bbox 287 2313 345 2346; x_wconf 86' lang='lat' dir='ltr'>Fit</span> <span class='ocrx_word' id='word_1_215' title='bbox 368 2312 483 2354; x_wconf 81' lang='lat' dir='ltr'>figura,</span> 
     </span>
     <span class='ocr_line' id='line_1_61' title="bbox 286 2361 580 2395; baseline -0.003 0"><span class='ocrx_word' id='word_1_216' title='bbox 286 2362 382 2395; x_wconf 85' lang='lat' dir='ltr'>Nova</span> <span class='ocrx_word' id='word_1_217' title='bbox 406 2361 480 2394; x_wconf 81' lang='lat' dir='ltr'>fons</span> <span class='ocrx_word' id='word_1_218' title='bbox 504 2362 580 2394; x_wconf 84' lang='lat' dir='ltr'>iura</span> 
     </span>
     <span class='ocr_line' id='line_1_62' title="bbox 287 2411 514 2451; baseline -0.004 -7"><span class='ocrx_word' id='word_1_219' title='bbox 287 2411 393 2444; x_wconf 87' lang='lat' dir='ltr'>Sumit</span> <span class='ocrx_word' id='word_1_220' title='bbox 417 2411 514 2451; x_wconf 88' lang='lat' dir='ltr'>plura</span> 
     </span>
     <span class='ocr_line' id='line_1_63' title="bbox 336 2459 739 2501; baseline -0.002 -9"><span class='ocrx_word' id='word_1_221' title='bbox 336 2460 427 2492; x_wconf 87' lang='lat' dir='ltr'>Dans</span> <span class='ocrx_word' id='word_1_222' title='bbox 453 2459 558 2501; x_wconf 87' lang='lat' dir='ltr'>aegris</span> <span class='ocrx_word' id='word_1_223' title='bbox 585 2459 739 2491; x_wconf 83' lang='lat' dir='ltr'>remedia.</span> 
     </span>
    </p>
   </div>
   <div class='ocr_carea' id='block_1_23' title="bbox 901 1745 960 1778">
    <p class='ocr_par' dir='ltr' id='par_1_29' title="bbox 901 1745 960 1778">
     <span class='ocr_line' id='line_1_64' title="bbox 901 1745 960 1778; baseline -0.017 0"><span class='ocrx_word' id='word_1_224' title='bbox 901 1745 960 1778; x_wconf 67' lang='lat'>21).</span> 
     </span>
    </p>
   </div>
   <div class='ocr_carea' id='block_1_24' title="bbox 903 1900 963 1935">
    <p class='ocr_par' dir='ltr' id='par_1_30' title="bbox 903 1900 963 1935">
     <span class='ocr_line' id='line_1_65' title="bbox 903 1900 963 1935; baseline -0.05 0"><span class='ocrx_word' id='word_1_225' title='bbox 903 1900 963 1935; x_wconf 71' lang='lat' dir='ltr'>ab.</span> 
     </span>
    </p>
   </div>
   <div class='ocr_carea' id='block_1_25' title="bbox 900 2056 960 2090">
    <p class='ocr_par' dir='ltr' id='par_1_31' title="bbox 900 2056 960 2090">
     <span class='ocr_line' id='line_1_66' title="bbox 900 2056 960 2090; baseline -0.017 0"><span class='ocrx_word' id='word_1_226' title='bbox 900 2056 960 2090; x_wconf 80' lang='lat' dir='ltr'>4b.</span> 
     </span>
    </p>
   </div>
   <div class='ocr_carea' id='block_1_26' title="bbox 901 2263 962 2297">
    <p class='ocr_par' dir='ltr' id='par_1_32' title="bbox 901 2263 962 2297">
     <span class='ocr_line' id='line_1_67' title="bbox 901 2263 962 2297; baseline -0.049 0"><span class='ocrx_word' id='word_1_227' title='bbox 901 2263 962 2297; x_wconf 83' lang='grc'>51).</span> 
     </span>
    </p>
   </div>
   <div class='ocr_carea' id='block_1_27' title="bbox 989 1743 1377 1875">
    <p class='ocr_par' dir='ltr' id='par_1_33' title="bbox 989 1743 1377 1875">
     <span class='ocr_line' id='line_1_68' title="bbox 989 1743 1377 1785; baseline -0.005 -8"><span class='ocrx_word' id='word_1_228' title='bbox 989 1745 1083 1777; x_wconf 88' lang='lat' dir='ltr'>Diem</span> <span class='ocrx_word' id='word_1_229' title='bbox 1109 1743 1227 1777; x_wconf 84' lang='lat' dir='ltr'>festum</span> <span class='ocrx_word' id='word_1_230' title='bbox 1254 1745 1377 1785; x_wconf 67' lang='lat' dir='ltr'>agimus</span> 
     </span>
     <span class='ocr_line' id='line_1_69' title="bbox 989 1793 1366 1835; baseline -0.008 -9"><span class='ocrx_word' id='word_1_231' title='bbox 989 1794 1167 1835; x_wconf 76' lang='lat' dir='ltr'>Barbarae,</span> <span class='ocrx_word' id='word_1_232' title='bbox 1195 1793 1366 1826; x_wconf 63' lang='lat' dir='ltr'>recolimus</span> 
     </span>
     <span class='ocr_line' id='line_1_70' title="bbox 1038 1842 1323 1875; baseline 0 0"><span class='ocrx_word' id='word_1_233' title='bbox 1038 1842 1139 1875; x_wconf 83' lang='lat' dir='ltr'>Sacra</span> <span class='ocrx_word' id='word_1_234' title='bbox 1162 1842 1323 1875; x_wconf 85' lang='lat' dir='ltr'>natalitia.</span> 
     </span>
    </p>
   </div>
   <div class='ocr_carea' id='block_1_28' title="bbox 988 1900 1452 2039">
    <p class='ocr_par' dir='ltr' id='par_1_34' title="bbox 988 1900 1452 2039">
     <span class='ocr_line' id='line_1_71' title="bbox 991 1900 1343 1941; baseline -0.003 -7"><span class='ocrx_word' id='word_1_235' title='bbox 991 1900 1125 1941; x_wconf 86' lang='lat' dir='ltr'>Videns,</span> <span class='ocrx_word' id='word_1_236' title='bbox 1153 1901 1343 1933; x_wconf 82' lang='lat' dir='ltr'>transitoria</span> 
     </span>
     <span class='ocr_line' id='line_1_72' title="bbox 988 1949 1426 1991; baseline -0.007 -8"><span class='ocrx_word' id='word_1_237' title='bbox 988 1949 1081 1989; x_wconf 72' lang='lat' dir='ltr'>Quod</span> <span class='ocrx_word' id='word_1_238' title='bbox 1106 1949 1150 1981; x_wconf 86' lang='lat' dir='ltr'>sit</span> <span class='ocrx_word' id='word_1_239' title='bbox 1173 1949 1287 1981; x_wconf 79' lang='lat' dir='ltr'>mundi</span> <span class='ocrx_word' id='word_1_240' title='bbox 1313 1949 1426 1991; x_wconf 84' lang='lat' dir='ltr'>gloria,</span> 
     </span>
     <span class='ocr_line' id='line_1_73' title="bbox 1036 1997 1452 2039; baseline -0.005 -8"><span class='ocrx_word' id='word_1_241' title='bbox 1036 1999 1127 2031; x_wconf 83' lang='lat' dir='ltr'>Haec</span> <span class='ocrx_word' id='word_1_242' title='bbox 1152 1998 1279 2038; x_wconf 80' lang='lat' dir='ltr'>spernit</span> <span class='ocrx_word' id='word_1_243' title='bbox 1305 1997 1452 2039; x_wconf 79' lang='lat' dir='ltr'>conubia=</span> 
     </span>
    </p>
   </div>
   <div class='ocr_carea' id='block_1_29' title="bbox 989 2055 1453 2243">
    <p class='ocr_par' dir='ltr' id='par_1_35' title="bbox 990 2055 1443 2100">
     <span class='ocr_line' id='line_1_74' title="bbox 990 2055 1443 2100; baseline -0.004 -10"><span class='ocrx_word' id='word_1_244' title='bbox 990 2056 1102 2090; x_wconf 87' lang='lat' dir='ltr'>Crucis</span> <span class='ocrx_word' id='word_1_245' title='bbox 1129 2055 1209 2089; x_wconf 82' lang='lat' dir='ltr'>facit</span> <span class='ocrx_word' id='word_1_246' title='bbox 1234 2056 1443 2100; x_wconf 89' lang='lat' dir='ltr'>signaculum,</span> 
     </span>
    </p>

    <p class='ocr_par' dir='ltr' id='par_1_36' title="bbox 990 2105 1429 2138">
     <span class='ocr_line' id='line_1_75' title="bbox 990 2105 1429 2138; baseline -0.005 0"><span class='ocrx_word' id='word_1_247' title='bbox 990 2105 1054 2138; x_wconf 85' lang='lat' dir='ltr'>Sed</span> <span class='ocrx_word' id='word_1_248' title='bbox 1082 2105 1144 2137; x_wconf 84' lang='lat' dir='ltr'>erit</span> <span class='ocrx_word' id='word_1_249' title='bbox 1169 2106 1212 2138; x_wconf 79' lang='lat' dir='ltr'>ad</span> <span class='ocrx_word' id='word_1_250' title='bbox 1238 2105 1429 2138; x_wconf 89' lang='lat' dir='ltr'>miraculum</span> 
     </span>
    </p>

    <p class='ocr_par' dir='ltr' id='par_1_37' title="bbox 989 2154 1453 2243">
     <span class='ocr_line' id='line_1_76' title="bbox 989 2154 1453 2195; baseline -0.004 -8"><span class='ocrx_word' id='word_1_251' title='bbox 989 2154 1061 2187; x_wconf 93' lang='lat' dir='ltr'>Hoc</span> <span class='ocrx_word' id='word_1_252' title='bbox 1086 2163 1180 2187; x_wconf 87' lang='lat' dir='ltr'>omne</span> <span class='ocrx_word' id='word_1_253' title='bbox 1205 2162 1265 2195; x_wconf 86' lang='lat' dir='ltr'>per</span> <span class='ocrx_word' id='word_1_254' title='bbox 1290 2154 1453 2187; x_wconf 88' lang='lat' dir='ltr'>saeculum</span> 
     </span>
     <span class='ocr_line' id='line_1_77' title="bbox 1036 2203 1340 2243; baseline 0.003 -7"><span class='ocrx_word' id='word_1_255' title='bbox 1036 2204 1075 2236; x_wconf 87' lang='lat' dir='ltr'>In</span> <span class='ocrx_word' id='word_1_256' title='bbox 1101 2203 1195 2236; x_wconf 90' lang='lat' dir='ltr'>domo</span> <span class='ocrx_word' id='word_1_257' title='bbox 1223 2204 1340 2243; x_wconf 89' lang='lat' dir='ltr'>patria.</span> 
     </span>
    </p>
   </div>
   <div class='ocr_carea' id='block_1_30' title="bbox 987 2262 1391 2490">
    <p class='ocr_par' dir='ltr' id='par_1_38' title="bbox 987 2262 1391 2490">
     <span class='ocr_line' id='line_1_78' title="bbox 991 2262 1196 2303; baseline 0 -9"><span class='ocrx_word' id='word_1_258' title='bbox 991 2262 1090 2303; x_wconf 89' lang='lat' dir='ltr'>Virgo</span> <span class='ocrx_word' id='word_1_259' title='bbox 1119 2262 1196 2294; x_wconf 91' lang='lat' dir='ltr'>deos</span> 
     </span>
     <span class='ocr_line' id='line_1_79' title="bbox 990 2311 1235 2352; baseline -0.004 -8"><span class='ocrx_word' id='word_1_260' title='bbox 990 2311 1154 2352; x_wconf 76' lang='lat' dir='ltr'>spernens</span> <span class='ocrx_word' id='word_1_261' title='bbox 1181 2319 1235 2344; x_wconf 86' lang='lat' dir='ltr'>eos</span> 
     </span>
     <span class='ocr_line' id='line_1_80' title="bbox 987 2360 1189 2401; baseline -0.01 -8"><span class='ocrx_word' id='word_1_262' title='bbox 987 2360 1189 2401; x_wconf 80' lang='lat' dir='ltr'>Detestatur,</span> 
     </span>
     <span class='ocr_line' id='line_1_81' title="bbox 990 2408 1238 2450; baseline -0.004 -9"><span class='ocrx_word' id='word_1_263' title='bbox 990 2409 1060 2441; x_wconf 91' lang='lat' dir='ltr'>Iam</span> <span class='ocrx_word' id='word_1_264' title='bbox 1087 2408 1238 2450; x_wconf 87' lang='lat' dir='ltr'>culpatur</span> 
     </span>
     <span class='ocr_line' id='line_1_82' title="bbox 1038 2455 1391 2490; baseline 0 -1"><span class='ocrx_word' id='word_1_265' title='bbox 1038 2457 1089 2489; x_wconf 87' lang='lat' dir='ltr'>De</span> <span class='ocrx_word' id='word_1_266' title='bbox 1114 2455 1259 2490; x_wconf 83' lang='lat' dir='ltr'>fenestra</span> <span class='ocrx_word' id='word_1_267' title='bbox 1285 2456 1391 2489; x_wconf 87' lang='lat' dir='ltr'>tertia.</span> 
     </span>
    </p>
   </div>
  </div>
 </body>
</html>
