1656 2690
183 224 244 258 2a.
271 224 341 257 Nos
368 226 471 258 clausi
497 234 630 258 carcere
886 229 946 262 ab.
974 229 1026 262 Sis
1051 230 1165 262 horum
1191 228 1331 261 hostium

325 273 443 306 Gravis
469 274 576 306 exsilii
1022 277 1143 310 Nostra
1168 277 1304 309 victoria

275 320 458 354 Gravamur
482 321 619 354 verbere
972 326 1037 358 Per
1061 329 1151 358 tuum
1177 324 1279 357 filium

321 369 435 401 Hostis
457 368 590 410 trifarii,
1020 375 1091 407 Tua
1114 374 1281 415 instantia,

271 416 356 449 Dum
383 417 490 449 carnis
516 420 660 458 tenerae,
973 421 1024 453 Sis
1049 425 1196 454 nostrum
1224 423 1390 463 gaudium,

321 465 448 505 Mundi,
477 465 637 498 daemonii
1021 470 1142 502 Nostra
1167 470 1294 502 laetitia

370 513 528 546 Premunt
552 513 727 554 nequitiae.
1069 518 1114 550 Et
1138 526 1222 549 vena
1246 519 1379 563 veniae3

183 580 243 613 3a.
272 579 354 620 Spes
379 580 603 622 indulgentiae
883 583 942 616 3b.
969 584 1062 625 Fuga
1087 584 1260 623 spirituum

319 628 385 661 Sed
410 629 663 670 paenitentibus,
1019 633 1142 665 Pravas
1167 633 1305 665 insidias

269 677 335 709 Vas
361 678 595 712 sanctimoniae
969 680 1016 713 Et
1041 680 1251 722 cogitantium

320 725 386 758 Sed
413 726 511 758 castis
537 724 710 766 mentibus.‚
1017 729 1150 761 Muscas
1173 727 1329 771 nefarias,

272 773 364 806 Cella
391 774 582 807 clementiae
970 777 1059 817 Quae
1084 777 1220 809 trahunt
1243 776 1368 810 fatuum

318 822 423 856 Deum
449 823 649 862 timentibus,
1018 826 1133 858 Partes
1159 825 1193 856 in
1218 826 1326 858 varias

368 871 526 904 Nostrum
550 870 722 912 refugium.
1068 872 1185 907 Gordis
1212 873 1393 907 arbitrium.

179 941 244 974 4a.
273 939 310 982 O,
336 940 459 972 munda
486 940 636 980 copulam
880 941 942 975 4b.
969 941 1014 973 Et
1040 941 1258 974 conscientiae

317 988 480 1021 Immundi
507 988 664 1029 corporiS,
1018 989 1095 1022 Sine
1121 990 1266 1022 cauteria

268 1036 411 1076 Expelle
436 1037 599 1068 maculum
968 1038 1064 1070 Mens
1090 1039 1271 1077 sapientiae

318 1084 432 1117 Nostri
459 1083 623 1128 facinoris,
1017 1086 1068 1119 Sit
1093 1086 1278 1124 tributaria,

268 1133 425 1165 Accende
450 1132 593 1165 faculam
968 1134 1147 1175 Dispenset
1171 1134 1301 1167 sobriae

318 1182 439 1214 Inculti
466 1181 609 1222 pectoris
1018 1183 1114 1215 Vitae
1140 1183 1264 1215 vicaria

365 1229 487 1262 Divina
512 1229 628 1271 gratia.
1065 1231 1205 1264 Activae
1230 1232 1340 1266 nimia.

184 1299 242 1331 5a.
271 1297 560 1339 Peregrinantibus
882 1298 943 1332 5b.
970 1299 1016 1331 Et
1041 1301 1114 1339 post
1140 1299 1278 1332 militiae

318 1346 436 1378 Procul
462 1356 482 1379 a
506 1346 615 1387 patria
1017 1348 1158 1380 Nostrae
1184 1348 1354 1381 victoriam

270 1395 402 1427 Prosint
428 1394 593 1427 exsulibus
968 1396 1083 1429 Carnis
1110 1395 1256 1428 incuriae

319 1443 388 1475 Tua
415 1443 584 1484 suffragia;
1016 1444 1181 1477 Mutemus
1208 1446 1347 1478 scoriam

269 1491 320 1525 Sit
344 1492 379 1524 in
402 1492 554 1532 operibus
970 1492 1127 1526 Caelestis
1156 1493 1266 1526 curiae

315 1540 566 1573 Perseverantia
1014 1542 1135 1574 Veram
1158 1542 1192 1573 in
1217 1543 1354 1583 gloriam

366 1588 489 1622 Christi
514 1588 679 1622 fidelibus,
1063 1590 1206 1630 Tuisque
1231 1592 1395 1631 precibuS.

253 1665 376 1701 Tropar.
409 1674 463 1693 ms.
498 1665 528 1694 S.
562 1665 689 1693 Patricii
725 1664 920 1693 Dublinensis
956 1667 1028 1693 anni
1059 1663 1143 1694 1352.
1196 1666 1265 1694 Cod.
1301 1667 1511 1706 Cantabrigen.

173 1703 248 1733 Add.
269 1701 336 1732 710.
357 1704 392 1731 A.
423 1719 461 1723 —
485 1704 571 1731 Miss.
592 1703 776 1739 Hispalense
802 1705 873 1740 imp.
894 1704 1017 1741 Hispali
1039 1702 1121 1733 1507.
1144 1705 1178 1732 B.
1210 1721 1250 1725 —
1277 1704 1326 1741 la,
1351 1706 1366 1735 1
1388 1708 1512 1738 luminis

170 1743 204 1772 B.
238 1757 276 1761 —
304 1741 356 1777 la,
377 1739 396 1770 3
422 1743 528 1770 Divini
553 1742 628 1771 fehlt
647 1742 683 1769 A.
710 1758 747 1762 —
778 1740 827 1776 lb,
849 1741 866 1770 5
887 1743 1028 1780 Regnans
1049 1745 1082 1772 B.
1110 1758 1148 1762 —
1174 1743 1232 1772 Str.
1255 1743 1299 1773 2a
1319 1755 1347 1773 u.
1369 1747 1387 1775 b
1409 1748 1512 1776 lauten

170 1783 204 1810 in
224 1781 263 1809 A:

176 1827 232 1858 2a.
252 1830 315 1858 Nos
337 1830 433 1858 clausi
454 1838 573 1858 carcere
880 1827 933 1858 2b.
955 1830 1004 1858 Sis
1025 1831 1105 1868 apud
1124 1829 1220 1858 filium

288 1869 396 1898 Gravis
420 1869 521 1897 exsilii
987 1870 1094 1898 Mundi
1114 1871 1255 1906 propitia,

248 1908 416 1937 Gravamur
435 1909 544 1936 misere
951 1907 1086 1937 Clemens
1107 1908 1267 1938 humilium

287 1948 391 1985 Regno
414 1948 468 1976 sub
489 1946 585 1984 impii,
986 1948 1180 1985 Propitiaria,

246 1988 310 2016 Nos
332 1988 431 2014 carnis
451 1989 582 2022 tenerae,
948 1987 1039 2016 Salus
1060 1988 1276 2023 languentium,

284 2026 347 2055 Nos
369 2025 493 2054 trahunt
511 2027 597 2054 noxii
989 2026 1151 2063 Culparum
1171 2028 1262 2055 venia

322 2065 431 2093 Mundi
450 2066 614 2102 nequitiae.
1025 2066 1067 2094 Et
1086 2073 1166 2093 vena
1185 2068 1310 2103 gratiae.

170 2114 223 2150 2b,
245 2114 262 2142 7
283 2114 326 2143 Et
345 2122 419 2144 vera
439 2115 477 2141 B.
498 2129 539 2133 —
560 2115 618 2143 Str.
640 2111 658 2143 3
679 2123 744 2152 sqq.
765 2114 866 2143 fehlen
881 2115 914 2143 B.
936 2130 975 2134 -
996 2112 1052 2150 3b,
1070 2114 1085 2143 1
1110 2115 1210 2151 Fugas
1232 2117 1393 2152 spirituum
1412 2118 1513 2153 (offen-

167 2156 223 2184 bar
243 2152 455 2190 Ditographie)
474 2154 511 2181 A.
537 2169 577 2173 —-
608 2153 660 2188 5a,
684 2152 701 2181 5
723 2153 774 2182 Sic
800 2156 833 2182 in
854 2155 893 2181 A.
923 2170 957 2174 —
988 2154 1115 2183 Schema
1137 2154 1277 2183 sichtlich
1297 2156 1396 2192 gleich
1412 2157 1512 2193 jenem

165 2202 226 2222 von
249 2194 318 2230 „De
333 2192 491 2222 Christi
511 2189 688 2230 corpore“
710 2192 744 2228 (s.
766 2202 793 2221 ο.
814 2194 867 2222 Nr.
889 2191 945 2229 38).

623 2298 670 2331 73.
702 2299 746 2330 De
768 2298 869 2330 Beata
889 2299 993 2331 Maria
1014 2300 1051 2332 V.

179 2363 239 2398 la.
267 2363 357 2395 Almi
382 2362 468 2404 regis
493 2365 600 2395 mater
625 2362 690 2404 pia,
883 2364 943 2397 lb.
970 2363 1021 2396 Tu
1047 2371 1080 2395 es
1106 2362 1201 2395 stella
1224 2363 1393 2404 matutina,

264 2411 328 2444 Dei
353 2411 502 2453 genetrix
528 2411 646 2454 Maria,
969 2411 1058 2444 Rosa
1080 2410 1199 2443 florens
1225 2411 1348 2452 absque
1373 2412 1478 2454 spina,

314 2461 416 2493 Sacra
441 2460 534 2501 virgo
562 2461 734 2502 virginum,
1018 2460 1106 2500 Quae
1132 2460 1272 2499 portasti
1296 2460 1482 2494 Dominum.
