1656 2690
593 748 644 779 48.
674 747 710 779 In
731 746 938 788 conceptione
958 747 1049 778 BMV.

155 830 174 864 1
188 840 217 865 a.
247 829 479 863 Laetabundus

253 878 380 911 Mariae
407 877 557 910 concinat
581 878 720 910 mundus

302 926 457 967 Alleluia,

170 1006 232 1038 Za.
260 1005 361 1038 Cordi
386 1004 441 1046 qui
466 1004 541 1036 huic
566 1013 602 1036 se
627 1003 727 1044 novit,

257 1053 292 1086 Si
318 1051 485 1094 ecclipsim
510 1053 632 1085 amovit

305 1101 359 1134 Sol
387 1102 428 1134 de
455 1100 560 1141 stella,

167 1181 229 1212 3a.
257 1178 348 1213 Sicut
371 1178 484 1210 labens
507 1177 663 1218 salvatur,

256 1227 327 1268 Qui,
353 1235 394 1258 ne
420 1225 526 1266 cadat,
553 1226 683 1259 iuvatur

302 1275 380 1308 Pari
404 1272 520 1316 forma,

168 1355 230 1387 4a.
258 1354 380 1386 Horret
405 1353 509 1394 legem
535 1350 656 1384 inferni

256 1402 312 1434 Vis
338 1400 481 1434 foederis
505 1401 645 1433 materni

301 1449 398 1482 Valle
420 1452 543 1490 nostra,

166 1529 184 1561 5
197 1537 227 1560 a.
253 1527 391 1560 Manent
415 1526 621 1569 principalia,

255 1576 389 1609 Cessant
410 1575 603 1618 accessoria,

253 1624 356 1668 Mors,
381 1626 496 1665 partus
523 1627 556 1655 et
579 1624 645 1656 alia

302 1673 386 1705 Esse
412 1680 519 1705 caeca.

167 1751 229 1784 6a.
258 1749 387 1790 Infeh'x,
415 1758 558 1790 propera

257 1798 444 1832 Concedens
472 1801 590 1839 cetera,

301 1847 367 1881 Cur
392 1851 528 1880 matrem
554 1847 678 1887 sordem,

350 1904 428 1938 gens
454 1894 598 1929 misera?

865 829 924 863 lb.

863 1004 922 1038 21).

868 1180 927 1214 3b.

863 1354 922 1387 410.

863 1528 922 1562 5b.

864 1751 924 1785 6b.

952 828 1012 862 Oui
1036 838 1101 861 non
1126 827 1219 861 obest

951 877 1043 910 Obex
1068 885 1194 909 morsus
1220 876 1328 917 pomi¹3
1355 885 1416 908 nec
1443 879 1491 909 est

997 926 1064 958 Res
1086 925 1248 967 miranda,

951 1004 986 1036 Si
1011 1003 1112 1036 Satan
1136 1012 1202 1035 non
1227 1003 1359 1043 agnovit

952 1051 1046 1093 Caro,
1074 1060 1156 1092 quae
1177 1051 1283 1083 Deum
1309 1050 1400 1095 fovit,

1000 1099 1135 1141 Semper
1161 1099 1260 1133 clara.

954 1178 1046 1211 Haec
1073 1178 1168 1218 lapsu
1192 1179 1424 1217 praeservatur

953 1227 1025 1259 Nec
1051 1234 1137 1266 casn,
1163 1225 1212 1257 cui
1237 1235 1325 1258 mors
1353 1226 1457 1266 datur,

999 1275 1056 1307 Fit
1082 1275 1246 1313 corrupta.

950 1353 1019 1392 Qua
1045 1352 1145 1385 Satan
1172 1350 1269 1383 debet
1294 1352 1406 1392 sterni,

951 1401 1020 1441 Qua
1044 1400 1133 1433 Deus
1162 1399 1259 1432 debet
1285 1400 1373 1431 cerni

1001 1448 1106 1482 Carne
1131 1449 1271 1488 sumpta.

952 1527 1043 1559 Pomi
1068 1525 1131 1558 fuit
1153 1524 1223 1558 filia

950 1575 1001 1608 De
1024 1575 1105 1616 iure,
1133 1574 1192 1607 scd
1217 1574 1323 1615 gratia

950 1624 1130 1664 Praerogat
1157 1622 1275 1655 dextra
1301 1623 1356 1655 dia

1000 1671 1091 1705 Haec
1116 1671 1298 1711 praedicta.

951 1751 1114 1783 Auroram
1138 1749 1173 1780 in
1196 1749 1337 1789 sphaera

954 1800 1094 1831 Vernam
1122 1797 1302 1839 considera,

1000 1848 1101 1888 Quam
1127 1846 1188 1879 soli
1213 1849 1309 1888 parat

1048 1905 1138 1928 mens
1163 1894 1278 1930 libera.

232 1983 317 2011 Miss.
349 1992 402 2011 ms.
435 1981 465 2010 S.
495 1982 643 2010 Maturini
672 1983 820 2011 Parisien.
852 1984 924 2011 anni
957 1981 1040 2011 1510.
1085 1981 1156 2011 Cod.
1186 1983 1313 2010 Parisin.
1345 1983 1491 2011 Mazarin.

152 2019 210 2050 430
230 2019 317 2057 (233).
345 2036 384 2041 -—
414 2019 464 2056 la,
487 2019 505 2048 2
529 2022 669 2050 concinat
688 2022 805 2050 chorus.
833 2037 872 2041 —·
897 2020 950 2056 2a,
973 2021 988 2050 1
1010 2022 1081 2051 huic
1101 2021 1243 2059 einsilbig
1264 2031 1301 2049 zu
1320 2022 1414 2055 lesen,
1437 2024 1494 2051 wie

151 2060 228 2089 auch
243 2059 327 2098 ‚,cui“
342 2059 372 2095 (3
379 2061 408 2096 b,
421 2058 458 2095 2).
490 2060 544 2088 Ich
559 2060 762 2089 konstruiere:
783 2061 847 2090 Nec
861 2064 906 2090 est
919 2070 967 2090 res
981 2062 1127 2094 miranda,
1149 2062 1176 2089 si
1191 2058 1241 2096 (π
1256 2061 1345 2097 quod)
1365 2062 1419 2096 sol,
1441 2063 1493 2098 qui

151 2101 223 2128 huic
252 2100 335 2128 cordi
362 2109 395 2129 se
421 2100 508 2127 novit
532 2097 613 2133 (liesz
639 2101 770 2137 vovit?)‚
798 2101 951 2138 ecclipsim
976 2102 1090 2129 amovit
1118 2099 1155 2128 de
1181 2100 1277 2135 stella,
1299 2097 1353 2138 [ct]
1375 2101 1402 2129 si
1423 2109 1492 2129 caro

151 2136 320 2176 Satan[am]
342 2142 397 2167 etc.
420 2153 457 2157 —
477 2139 609 2167 Melodie
629 2139 794 2168 natiirlich:
816 2140 1098 2169 Laetabundus.

593 2275 643 2307 49.
676 2275 712 2307 In
734 2274 941 2316 conceptione
962 2275 1051 2308 BMV.

162 2368 220 2402 1a.
249 2368 367 2400 Matris
394 2367 516 2402 Christi
541 2366 696 2400 festivate

248 2416 498 2458 Conceptionem
523 2417 694 2457 praeclare

296 2465 421 2499 Nititur
447 2465 595 2499 ecclesia.

858 2368 918 2402 lb.
945 2367 1050 2400 Huius
1079 2369 1164 2402 diem
1190 2368 1362 2408 honorare,

945 2417 1152 2458 Elemosynis
1179 2425 1296 2450 ornare

993 2466 1160 2508 Coguntur
1185 2464 1308 2499 fidelia.

1275 2520 1317 2552 4*
