1656 2690
705 104 969 140 —166-

181 207 240 238 9a.
269 204 334 237 Sed
358 206 404 245 tu,
433 203 554 236 Christi
581 206 705 243 martyr
730 203 794 242 pio,
880 202 939 237 sb.
967 201 1125 234 Derelioti
1152 203 1238 233 uices
1265 198 1371 240 gregis

269 253 387 285 Pastor
414 252 553 284 clemens
580 253 612 282 et
637 254 783 291 patrone,
969 250 1085 282 Pietati
1112 248 1225 281 summi
1250 247 1335 288 regis

318 301 420 333 Preoe
444 307 573 338 semper
598 299 713 330 sedula
1015 297 1214 331 Couunenda
1238 305 1298 336 per
1324 294 1463 327 saecula,

251 394 385 422 Oration.
418 402 471 421 ms.
503 394 532 421 S.
565 393 717 421 caeeiliae
748 392 935 421 Coloniensis
967 400 1043 420 saec.
1069 390 1112 420 15.
1156 391 1225 419 Cod.
1249 389 1401 418 Colonien.
1426 389 1450 416 1.
1472 403 1511 406 —

172 432 259 461 Wird
285 434 317 460 in
343 431 395 459 der
419 433 475 460 Hs.
503 431 547 459 als
576 429 774 468 „Sequentizff
803 431 984 459 bezeiclmet.
1012 445 1049 449 —
1069 431 1128 459 Die
1149 429 1279 458 Melodie
1299 427 1357 456 soll
1378 427 1511 456 offe-uba»-

172 473 254 500 sein:
284 471 342 506 ²²Iu
363 471 527 498 caelesti
550 468 808 502 hie1·arellia“‚
835 469 949 497 freilieh
977 478 1025 496 um
1054 471 1119 497 eino
1149 466 1278 503 strophe
1303 466 1431 504 gekiirzt
1450 465 1509 494 und

177 509 303 538 rielfach
324 509 464 538 entstellt.
505 509 564 537 Die
585 507 867 544 Sehluss-Strophen
889 508 957 535 sind
976 507 1078 535 starke
1097 506 1331 543 Entlehnungen
1351 513 1406 533 aus
1426 505 1511 541 jener

173 548 323 586 Seqmznz,
357 547 497 576 wahreud
523 547 575 575 der
595 547 715 584 Anfang
740 547 804 574 sich
827 547 881 574 mit
902 546 953 574 der
974 546 1109 582 Sequenz
1129 545 1266 581 gleiehen
1288 543 1439 581 Anfanges
1460 543 1514 571 auf

175 588 232 616 den
252 587 292 614 hl.
317 586 459 623 Agilolph
480 584 568 621 (oben
589 586 642 615 ΝΡ.
666 584 731 621 106)
751 585 847 613 decla,

617 737 679 769 187.
715 737 757 770 De
776 737 887 768 saneto
907 735 1055 768 Evurtio.

187 831 247 864 la.
275 829 378 863 Venit
402 831 532 862 sanctus
557 828 692 869 spiritus
883 827 942 863 1b.
971 828 1069 860 Venit
1093 830 1188 867 pater
1212 835 1392 868 pauperum

274 878 453 910 Adduoens
482 877 635 909 divinitus
971 875 1126 908 Odiosum
1152 878 1298 907 veterum

324 927 374 959 De
399 926 502 958 Roma
525 925 716 966 Evurtium3
1019 924 1211 956 Terminans
1238 923 1382 955 exitium.

186 1015 251 1046 Za.
280 1012 473 1045 Consolator
496 1012 627 1051 optime,
885 1012 946 1044 2b.
974 1011 1112 1044 Animae
1140 1011 1236 1043 datur
1262 1011 1363 1051 quies,

276 1060 412 1094 Praesul
437 1060 632 1100 beatissime,
972 1058 1060 1098 Quae
1084 1067 1144 1101 per
1169 1058 1313 1099 singulos
1340 1057 1410 1090 dies

323 1108 424 1141 Urbis
453 1108 661 1147 desiderium,
1021 1107 1157 1148 Linquit
1181 1107 1415 1147 purgatorium,

189 1197 249 1229 Sa.
277 1195 302 1228 O
328 1196 385 1228 lux
411 1194 609 1238 beatissima,
886 1194 945 1228 3b.
973 1193 1135 1226 Mandata
1158 1203 1178 1225 a
1203 1193 1337 1225 erimine

277 1244 345 1283 Qua
371 1241 491 1275 fruitur
516 1244 623 1275 anima
971 1241 1053 1273 Exit
1078 1243 1119 1274 de
1143 1242 1298 1281 voragine

325 1293 406 1325 Post
430 1299 554 1332 poenae
579 1291 775 1333 suspirium3
1023 1290 1086 1322 Per
1111 1289 1173 1322 Dei
1200 1290 1382 1329 imperium.

199 1381 261 1413 4a.
287 1378 436 1421 Mundat,
463 1378 548 1419 quod
575 1380 622 1410 est
640 1377 818 1418 sordidum,
887 1377 947 1411 4b.
976 1376 1119 1409 Verbum
1145 1376 1205 1408 Dei
1232 1376 1377 1408 validum

277 1426 392 1468 Fugat‚
421 1426 507 1466 quod
534 1429 584 1457 est
608 1425 788 1467 horridum,
975 1424 1040 1456 Per
1065 1425 1245 1465 praelatum
1272 1424 1444 1465 providum

325 1475 438 1515 Turpe
461 1473 543 1506 facit
570 1473 763 1513 candidum3
1025 1471 1197 1506 Consortat
1222 1481 1277 1505 cor
1301 1473 1468 1515 pavidum.

190 1563 249 1595 5a.
276 1561 328 1593 Da
352 1561 433 1593 viris
458 1560 619 1599 fidelibus,
888 1560 946 1593 5b.
974 1559 1025 1593 Da
1049 1560 1180 1592 virtutis
1206 1560 1367 1601 meritum,

278 1609 342 1642 Dei
365 1609 587 1654 servitoribus,
976 1608 1156 1650 Religionis
1180 1609 1278 1640 ritum

328 1657 442 1691 Robur
469 1660 618 1691 constans
646 1656 802 1698 cordium,
1024 1657 1075 1689 Ae
1099 1665 1243 1698 perenne
1268 1657 1430 1698 gaudium.

261 1744 342 1773 offic.
373 1753 426 1772 ms.
454 1744 684 1772 Aurelianensia
711 1752 788 1772 saec.
812 1741 856 1772 15.
898 1743 968 1771 eod.
989 1743 1086 1771 Vatia.
1114 1743 1220 1781 Regin.
1242 1740 1307 1771 623.
1331 1758 1367 1763 ——-
1387 1742 1519 1772 Melodie

181 1783 477 1850 lgfffflgissg1·sg,eni
510 1785 644 1811 sancte
674 1782 843 1820 Spiritus
876 1785 963 1810 unter
993 1782 1188 1819 Entlehnung
1219 1782 1270 1810 des
1300 1783 1519 1820 jedesmaligen

658 1934 720 1966 188.
749 1933 794 1965 De
817 1934 930 1966 sancta
949 1933 1036 1966 Fide.

194 2026 254 2059 la.
281 2026 376 2059 Felix
404 2026 473 2058 dies
500 2027 533 2057 et
555 2025 708 2066 iucunda,
894 2025 953 2058 lb.
979 2025 1140 2059 Diadema
1165 2024 1397 2067 sempiternum

282 2075 320 2107 In
347 2083 410 2115 qua
434 2074 545 2115 Fides,
572 2074 663 2114 virgo
688 2073 820 2115 munda,
977 2072 1080 2107 Laeta
1104 2075 1202 2107 sumit
1225 2075 1260 2107 in
1285 2078 1453 2108 aeternum

282 2122 333 2154 De
357 2122 471 2154 lethali
496 2122 613 2154 transit
638 2122 726 2156 unda
980 2122 1108 2156 Laudes
1132 2126 1266 2156 cantans
1284 2124 1325 2156 ad
1344 2133 1520 2164 supernum

329 2170 384 2203 Ad
411 2170 492 2204 caeli
517 2169 650 2210 palatia.
1025 2171 1146 2213 Regem
1172 2172 1258 2214 regis
1284 2171 1363 2207 filia.

197 2260 256 2293 231.
283 2258 405 2292 Contra
429 2258 532 2290 minas
557 2258 624 2290 stat
648 2266 762 2291 secura
890 2257 949 2293 2b.
978 2257 1106 2300 Gar-cer,
1132 2259 1228 2300 ignis,
1259 2268 1349 2301 crux,
1377 2261 1504 2300 pruina,

283 2306 422 2339 Daciani
448 2307 538 2345 virgo
563 2315 656 2346 pura,
977 2306 1100 2346 Naxus,
1138 2310 1254 2348 crates,
1281 2318 1392 2352 uncus,
1420 2310 1519 2350 mina,

284 2356 351 2389 Sed
378 2354 526 2387 columba
549 2354 671 2386 mulcet
697 2355 778 2387 dura
979 2354 1086 2399 Serra,
1115 2365 1235 2398 mucro,
1263 2366 1361 2399 mors,
1389 2358 1485 2393 ruina

334 2404 554 2437 Flammarum
579 2403 742 2436 incendia.
1028 2403 1110 2436 Sunt
1135 2402 1228 2438 Fidis
1255 2406 1428 2447 supplicia.
