1656 2690
706 120 969 155 —191—

183 216 245 248 3a.
273 215 357 248 Nam
382 216 569 258 nuptiarum
880 220 939 253 3b.
966 219 1094 252 Dehine
1117 219 1260 252 seeundo

270 264 323 297 hie
349 265 514 306 sponsalia
967 269 1084 307 navim,
1112 270 1196 301 retia

271 316 442 354 spreverat
463 313 526 345 iam
555 317 680 357 coepta,
969 319 1002 348 et
1025 318 1098 349 iura
1122 320 1270 359 paterna,

178 391 239 424 42..
268 392 346 424 Cum
374 393 610 424 transmutatae
879 393 941 427 4b.
968 393 1011 425 Et
1038 403 1138 434 supra
1163 396 1276 435 peetus

272 438 369 471 faciei
394 443 481 472 tuam
507 439 589 480 ipsis
968 444 1055 474 tuum
1081 441 1168 474 infra
1194 451 1303 474 cenam
1330 450 1482 483 pausans,

269 488 457 528 angelorum
966 491 1053 522 unde
1077 490 1179 531 larga,

268 537 374 568 choris
402 538 615 570 reverendam
967 547 1049 578 quae
1074 547 1248 578 sparsurus
1274 541 1357 579 erat,

273 584 445 617 ostendisti
472 585 619 628 gloriam,
967 586 1112 626 epotavit
1137 587 1284 629 mystica,

181 662 245 695 52..
271 662 316 694 Et
339 665 474 695 matrem
879 665 938 698 5b.
965 663 1071 705 Felix,
1097 673 1193 704 quem

266 711 300 742 in
328 719 423 743 eruce
448 713 535 745 tuam
966 712 1014 743 sie
1038 712 1198 753 volueras,

267 759 396 798 accepit
421 760 586 793 tuendam.
967 759 1069 792 donec
1095 761 1260 801 advenias,

324 821 408 831 ww
422 822 498 832 ww
964 817 1109 841 mamere.

177 886 238 918 6a.
265 884 325 924 Qui
351 885 505 918 Pathmos
529 886 636 918 insula
877 886 936 919 6b.
964 885 1049 917 Dum
1077 885 1106 917 ei
1130 885 1272 926 plurima

268 933 483 973 exsulaverat,
964 935 1168 966 revelaveras

963 982 1050 1015 inibi
1072 982 1241 1024 mysteria.

179 1062 239 1094 7a.
270 1060 417 1094 Pollebat
444 1060 500 1092 diu
878 1060 936 1095 Ἡ),
964 1060 1028 1092 Pro
1055 1059 1181 1099 quibus,
1208 1059 1347 1102 Christe,

268 1109 370 1142 multa
397 1117 535 1150 operans
561 1108 727 1149 miracula,
965 1112 1077 1141 nostra
1101 1108 1216 1141 iubilet
1241 1109 1395 1142 melodia.

544 1188 577 1220 8.
605 1185 740 1226 Semper
767 1186 810 1217 sit
837 1185 908 1217 laus
933 1184 995 1217 tibi
1021 1194 1154 1219 summa.

246 1262 334 1291 Giad.
361 1271 414 1290 ms.
435 1263 663 1291 Boscoducense
688 1270 766 1290 saec.
795 1260 839 1291 15.
881 1262 952 1291 Cod.
974 1262 1061 1290 Areh.
1084 1261 1114 1290 S.
1134 1263 1280 1291 Iohannis
1301 1262 1503 1291 Boscoducen.

167 1312 189 1331 s.
211 1311 240 1329 n.
261 1303 295 1329 A.
322 1316 361 1320 —
385 1302 471 1330 Miss.
493 1311 545 1329 ms.
565 1301 735 1330 Leodiense
761 1309 838 1330 saec.
861 1299 907 1329 15.
949 1299 1019 1329 God.
1040 1301 1178 1329 Vatican.
1200 1298 1286 1329 3808.
1307 1301 1341 1329 Β.
1363 1316 1401 1320 -
1419 1301 1505 1329 Miss-

164 1341 334 1370 Leotliense
363 1342 434 1377 imp.
461 1340 535 1368 Delf
561 1349 584 1369 s.
612 1349 638 1368 a.
661 1337 813 1376 (1485).0
855 1355 888 1359 —
922 1339 974 1374 4a,
999 1338 1012 1367 1
1041 1349 1084 1377 sq.
1106 1342 1307 1369 transmutata
1325 1339 1403 1368 faeie
1422 1343 1505 1368 tuam

164 1380 260 1417 ipsius
282 1380 315 1407 Β.
349 1394 385 1398 —-
416 1378 467 1412 Ga,
491 1378 504 1407 1
529 1379 720 1407 exsulaveras
742 1379 800 1407 ΒΟ.
832 1393 869 1397 -
901 1378 954 1412 6b,
977 1376 994 1407 3
1015 1379 1100 1407 verbi
1121 1380 1265 1415 mysteria
1286 1380 1318 1407 Β.
1345 1393 1384 1397 -
1409 1377 1427 1407 8
1448 1380 1505 1407 tibi

164 1419 231 1447 laus
250 1418 281 1446 Ο.
305 1433 343 1438 -
365 1419 424 1446 Die
443 1418 576 1447 Melodie
595 1418 690 1446 bietet
708 1418 747 1447 Α·
769 1420 827 1446 wie
845 1417 897 1446 dei
910 1419 989 1446 Text
1006 1419 1040 1445 in
1061 1417 1119 1445 (len
1139 1417 1253 1452 Silben,
1274 1426 1307 1445 so
1328 1418 1410 1454 zeigt
1429 1417 1506 1446 auch

165 1458 247 1485 diese
267 1459 300 1485 in
321 1456 376 1485 den
398 1458 498 1485 Noten
518 1457 567 1485 bei
589 1456 646 1485 Str.
669 1456 710 1485 512
733 1449 794 1484 und
815 1454 857 1485 6b
881 1458 970 1485 einen
983 1451 1177 1485 sJbersehuss.
1209 1457 1279 1484 Von
1294 1457 1445 1485 Interesse
1465 1458 1507 1484 ist

164 1505 204 1529 es,
222 1496 272 1524 die
293 1495 503 1533 Sequenzen„
508 1496 656 1524 Christi
677 1504 788 1524 sacra
808 1492 984 1524 serenat“
1006 1493 1103 1531 (Anal.
1125 1496 1192 1531 VII,
1213 1495 1265 1523 Nr.
1287 1492 1337 1528 22)
1356 1495 1417 1522 und
1440 1495 1506 1523 Da

163 1543 343 1563 camoena
366 1543 465 1563 nune
484 1517 641 1563 sonora“
661 1533 760 1570 (Anal
781 1534 850 1568 VII,
870 1535 923 1562 Nr
946 1532 1013 1570 145)
1032 1544 1071 1562 zu
1090 1543 1142 1562 ver
1144 1534 1291 1571 gleichen.
1324 1534 1417 1562 Beide
1437 1535 1506 1562 sind.

164 1574 305 1602 sichtlieh
327 1575 382 1602 wie
406 1575 454 1603 die
474 1573 672 1602 vorstehende
693 1574 770 1602 nach
792 1574 857 1602 dem
879 1573 1016 1609 gleiehen
1037 1573 1164 1601 Schema
1185 1573 1310 1610 gebaut,
1337 1572 1506 1601 differieren

167 1614 240 1641 aber
261 1613 320 1641 alle
341 1613 405 1641 drei
427 1614 475 1641 bei
496 1613 646 1649 sonstiger
669 1612 840 1642 Gleiehheit
860 1613 893 1640 in
914 1613 972 1641 den
993 1612 1141 1649 Strophen
1162 1611 1179 1640 5
1201 1621 1229 1639 u.
1252 1610 1278 1640 6.

496 1745 557 1778 218.
588 1745 632 1777 De
649 1746 757 1778 saneto
780 1746 919 1778 Iohanne
940 1745 1166 1787 [evangelista.

718 1838 749 1872 1.
777 1839 908 1871 Arcano

173 1921 235 1952 2a.
261 1917 381 1951 Rivulo
875 1915 936 1951 2b.
964 1915 1107 1948 Ovantes

262 1976 426 1999 sumamus
444 1966 616 2007 pulchrum
634 1968 806 2007 syntagma
961 1964 995 1996 in
1020 1964 1126 2005 gratia
1151 1963 1246 1996 nimis
1274 1965 1372 2006 celsa,

173 2047 235 2079 3a.
261 2046 365 2078 Beato
874 2043 936 2078 3b.
961 2042 1042 2076 Flos
1066 2044 1158 2077 Iesse

259 2094 397 2128 Iohanni
425 2093 581 2127 divinitus
961 2092 1048 2124 alma
1072 2092 1164 2133 virgo
1190 2092 1326 2125 advehit

258 2145 413 2185 porrecta
438 2151 477 2177 ac
499 2143 621 2176 habita.
959 2143 1049 2174 astra
1074 2141 1238 2174 laxantem
1265 2140 1387 2176 infima.

258 2222 416 2256 Thalamo
960 2218 1165 2252 Recumbens

258 2281 332 2306 nam
359 2280 479 2305 vocans
506 2273 619 2305 saneta
960 2268 994 2300 in
1022 2277 1101 2301 cena
1126 2270 1240 2301 saneta

257 2324 419 2362 martyres
445 2319 617 2354 facundia:
961 2317 1092 2350 Domini
1117 2321 1231 2358 peetus
1257 2326 1358 2360 supra

168 2401 231 2434 4a.
263 2399 359 2443 „Quis
386 2402 446 2439 est,
473 2400 529 2441 qui
553 2402 587 2433 te
871 2396 929 2431 4b.
955 2396 1042 2428 Huic
1068 2393 1157 2428 fatur

260 2446 390 2482 tradet“
404 2447 420 2480 ’.Ρ
445 2449 532 2481 huno
556 2450 746 2490 interrogat.
962 2445 997 2478 in
1018 2444 1170 2485 passione
1195 2446 1325 2478 saneta:
