1656 2690
668 128 930 164 -177—

164 225 186 256 4
197 234 228 258 a.
254 225 356 265 Quem
376 234 438 258 nec
451 225 592 259 blandus
605 226 778 259 citharista

256 272 327 305 Nec
352 273 513 306 violentus
538 274 660 307 lanista

305 321 449 354 Deviare
473 322 591 361 potuit.

165 389 183 421 5
195 398 226 424 a.
257 388 349 421 Haec
367 390 418 421 est
433 390 524 422 scala
536 391 775 431 mandatorum,

250 437 314 470 Per
323 446 419 478 quam
425 441 551 479 martyr
561 439 603 471 ad
613 439 775 472 caelorum

305 484 506 520 Conscendit
529 487 664 528 palatia.

168 554 189 586 6
200 563 229 587 a.
257 554 367 587 Primo
378 558 541 596 quaerunt
547 554 629 596 legis
642 556 774 597 cultum,

255 603 388 644 Dicunt,
405 603 490 644 quod
503 614 567 637 non
581 604 624 636 sit
637 604 773 638 inultum

303 651 390 684 Iovis
418 661 511 685 sacra
536 661 701 694 spernere.

166 718 184 750 7
198 727 226 752 a.
251 718 327 751 Non
354 721 431 751 sunt
451 728 535 751 nova
558 720 698 762 penitus,

253 767 342 806 Quae
365 769 441 799 sunt
469 767 545 800 data
571 768 717 809 caelitus,

302 814 462 848 Veritatis
490 816 650 856 dogmata.

168 882 228 915 8a.
255 882 341 914 Vani
366 886 546 915 monstrum
571 883 723 925 numinis,

256 929 432 963 Daemonis
460 933 492 963 et
517 931 655 964 hominis

304 979 446 1012 innuunt
473 978 632 1024 effigiem3

168 1046 187 1078 9
201 1055 230 1080 a.
259 1046 418 1087 Christus,
435 1046 565 1079 verbum
581 1047 643 1079 Dei
657 1048 771 1090 patris,

256 1094 342 1133 Quos
358 1095 390 1126 in
411 1095 562 1128 claustris
581 1095 678 1128 trusit
690 1096 771 1128 atris

301 1142 417 1175 Zabuli
443 1145 596 1182 versutia,

140 1210 223 1243 lOa.
252 1209 362 1250 Ipsum
389 1211 466 1241 totis
492 1211 578 1244 votis
605 1211 685 1251 colo,

250 1257 359 1290 Verba
386 1258 475 1290 cuius
501 1258 571 1291 sine
593 1259 681 1301 dolo,

300 1306 409 1339 Verba
433 1308 509 1339 sunt
533 1307 688 1341 salubria.

141 1376 179 1408 11
196 1384 225 1407 a.
252 1374 306 1406 Ad
325 1373 406 1406 haec
423 1382 555 1414 praeses
569 1374 768 1416 indignatur,

250 1422 370 1455 Sancto
396 1426 534 1455 mortem
559 1423 751 1462 cominatur,

250 1471 347 1504 Unde
382 1471 490 1503 statim
517 1471 632 1503 vinclis
661 1471 765 1516 datur,

300 1521 446 1554 Tenetur
471 1520 646 1561 ergastulo.

138 1590 184 1623 12
198 1598 228 1622 a.
254 1588 371 1621 Letum
397 1590 479 1630 potu
502 1588 708 1630 propinatur,

250 1637 361 1670 Vorax
387 1636 518 1669 flamma
543 1636 759 1677 ministratur,

250 1685 355 1719 Rotae
381 1688 468 1718 totus
494 1685 689 1726 applicatur,

299 1733 364 1767 Sed
378 1734 460 1767 haec
469 1734 614 1776 gaudens
623 1736 767 1773 superat.

137 1804 177 1836 13
191 1812 221 1836 a.
250 1802 274 1835 O
303 1801 435 1843 Georgi,
462 1810 538 1843 spes
564 1805 702 1842 tuorum,

247 1851 336 1884 Audi
361 1859 478 1891 preces
504 1850 706 1883 servulorum

247 1899 294 1933 Et
317 1909 414 1941 quam
440 1899 542 1932 hahes
569 1899 757 1931 meritorum

246 1948 339 1982 Inter
365 1949 480 1982 choros
504 1947 672 1981 beatorum

297 1996 419 2032 Confer
444 1997 539 2030 nobis
565 1997 716 2038 gratiam.

871 226 919 260 4b
923 252 1332 264 ........

1023 351 1269 360 ÷÷÷÷÷

870 390 930 424 5b.
955 391 1057 432 Quem
1083 391 1225 424 cultores
1249 390 1422 434 idolorum,

955 440 1020 472 Per
1047 440 1176 473 diversa
1202 442 1435 472 tormentorum

1006 488 1091 521 Dum
1117 489 1252 520 trahunt
1277 487 1448 529 supplicia,

870 556 929 589 610.
955 556 1010 588 Ad
1018 556 1199 589 sedandum
1206 555 1293 588 hunc
1302 556 1474 588 tumultum

955 604 1067 637 Mente
1093 612 1228 637 cernens
1253 603 1317 637 Dei
1342 606 1455 636 nutum

1004 653 1120 693 Coepit
1145 655 1271 693 martyr
1297 652 1424 686 dicere:

867 719 927 754 ¹7b.
954 720 1042 753 Hinc
1067 723 1116 752 est
1141 719 1211 752 Deo
1239 719 1369 752 deditus

955 767 1072 801 Cordis
1098 767 1161 800 mei
1187 767 1322 807 spiritus

1002 815 1123 849 Christi
1150 814 1238 848 ferre
1260 815 1422 856 stigmata.

865 883 924 919 8b.
950 883 1077 917 Auctor
1102 891 1179 916 vero
1204 883 1336 916 luminis

955 931 1029 964 Veri
1055 933 1215 964 monstrat
1239 931 1380 964 numinis

1002 980 1169 1013 Claritatis
1196 979 1348 1020 speciem.

864 1047 923 1082 9b.
951 1048 1089 1081 Carnem
1117 1056 1246 1080 sumens
1263 1047 1337 1081 alvo
1357 1047 1471 1080 matris

953 1095 1038 1129 Hinc
1064 1096 1197 1128 eductos
1224 1104 1312 1129 more
1339 1095 1451 1128 fratris

1001 1145 1099 1177 Pares
1125 1142 1206 1176 facit
1231 1145 1346 1185 gloria.

840 1211 922 1246 10b.
950 1213 1018 1251 Ipsi
1047 1212 1125 1244 dare
1152 1215 1225 1244 tura
1250 1211 1332 1251 volo,

950 1259 1045 1293 Ritus
1070 1262 1200 1292 vestros
1224 1260 1316 1301 sequi
1340 1260 1426 1301 nolo,

1004 1308 1098 1340 Pleni
1122 1311 1198 1340 sunt
1223 1308 1393 1348 spurcitia.

838 1376 880 1408 11
890 1375 921 1408 b.
948 1376 1032 1408 Inde
1059 1375 1174 1407 ductus
1197 1376 1372 1417 cruciatur,

948 1424 1059 1463 Fuste,
1085 1421 1175 1455 ferro
1199 1422 1354 1463 laniatur,

952 1471 1068 1504 Poenis
1096 1480 1214 1511 corpus
1242 1471 1421 1511 dissipatur

997 1519 1113 1553 Coram
1139 1519 1225 1552 omni
1251 1520 1383 1560 populo.

837 1588 922 1621 12b.
950 1587 1037 1621 Nam
1064 1589 1106 1620 de
1129 1586 1195 1619 tine
1221 1587 1395 1629 cogitatur,

950 1637 1068 1677 Sicque
1092 1636 1225 1668 tandem
1253 1637 1446 1677 decollatur,

950 1684 1062 1718 Terris
1078 1693 1195 1724 corpus
1210 1685 1466 1725 commendatur,

1000 1734 1135 1766 Sursum
1159 1731 1256 1765 flatus
1282 1737 1450 1774 properat.

839 1802 883 1835 13
893 1800 923 1834 b.
950 1801 1050 1842 Audi,
1078 1804 1216 1842 martyr,
1244 1803 1276 1832 et
1300 1800 1445 1840 intende,

952 1849 1063 1882 Motus
1090 1851 1218 1881 nostros
1245 1851 1279 1880 tu
1297 1850 1471 1890 suspende,

951 1899 1064 1937 Arma,
1097 1900 1224 1930 scutum
1249 1898 1472 1938 apprehende,

952 1949 983 1981 A
1009 1946 1145 1987 paganis
1171 1954 1230 1978 nos
1259 1944 1399 1979 defende

1000 1995 1221 2035 Nostramque
1245 1995 1471 2028 substantiam.

203 2057 293 2091 Trop.
322 2057 351 2083 et
371 2055 512 2091 Sequent.
541 2063 595 2082 ms¹
620 2054 804 2083 Civitatense
832 2062 910 2082 saec.
940 2051 985 2081 14.
1029 2052 1101 2081 Cod.
1132 2052 1293 2081 Civitaten.
1315 2051 1387 2080 LVI
1405 2049 1473 2087 (20).

124 2096 159 2123 A.
181 2110 219 2114 —
241 2095 330 2124 Grad.
352 2103 406 2123 ms.
429 2095 617 2122 Civitatense
638 2102 715 2122 saec.
742 2090 786 2121 14.
828 2093 902 2121 Cod,
925 2092 1085 2121 Civitaten.
1105 2091 1245 2120 LXXIX.
1267 2093 1301 2120 Β,
1323 2106 1361 2110 -
1382 2089 1433 2125 6b,
1456 2087 1474 2119 2

123 2135 143 2162 1.
170 2134 229 2163 Dei
247 2128 384 2162 vultum?
415 2147 453 2153 —
483 2131 536 2167 8b,
559 2131 577 2161 3
601 2133 702 2169 specie
721 2133 782 2161 AB.
815 2147 853 2153 -
886 2129 955 2166 lob,
978 2128 997 2159 3
1018 2131 1162 2169 spurcitio
1188 2131 1224 2159 A.
1255 2146 1294 2150 —
1325 2129 1456 2159 Melodie

122 2173 273 2202 Laudes
295 2174 430 2201 crucis.

569 2246 636 2279 200.
669 2245 712 2277 De
733 2247 842 2278 sancto
865 2243 1029 2286 Gregorio.

137 2310 197 2343 ia.
221 2307 385 2352 Organum
411 2310 585 2350 spirituale

225 2359 351 2401 Tangat
380 2360 479 2393 decus
506 2359 669 2401 clericale,

224 2408 313 2441 Dum
338 2408 495 2442 recolitur
520 2407 631 2441 natale

275 2457 390 2499 vigilis
417 2456 581 2499 Gregorii.

184 2517 305 2546 Blumo,
328 2515 482 2547 sequentiae
498 2516 621 2540 Ineditae.
653 2515 683 2540 V.

837 2309 899 2344 1⁷0.
926 2306 1045 2343 Scriba
1069 2310 1156 2350 regis
1180 2308 1371 2349 angelorum

926 2357 1058 2390 Floruit
1082 2357 1137 2390 hic
1161 2357 1218 2390 lux
1244 2357 1413 2390 doctorum

926 2406 973 2438 Et
998 2406 1165 2447 apostolus
1190 2406 1383 2447 Anglorum,

975 2454 1036 2494 Qui
1062 2454 1153 2496 prius
1178 2452 1320 2498 inglorii.

1261 2509 1298 2538 12
