1656 2690
729 147 985 184 —139-

204 247 264 278 2a.
291 245 461 279 Ecclesiae
487 246 542 286 qui
568 255 710 287 gemmas

294 294 335 325 de
359 295 472 327 mundi
497 295 634 336 pulvere

291 342 380 374 tollis
407 343 449 375 ad
475 342 597 387 sidera,

202 412 264 444 3a.
293 410 423 443 Patrem
449 410 489 444 ab
517 420 593 444 arce

289 458 436 492 Birinum

289 507 418 540 missum
445 509 613 554 Romulea,

202 579 262 609 421.
290 576 350 616 Qui
377 576 578 610 candelabra

294 624 415 657 Christi
440 634 539 659 aurea

291 679 450 714 spargunt
476 674 671 707 charismata

291 730 443 765 superna,

203 791 258 823 5a.
287 789 389 822 Sanat
412 790 467 822 hic
492 791 603 834 corda,

294 842 388 870 curat,
411 839 466 871 hic
493 847 641 881 corpora,

203 908 263 940 6a.
290 905 356 938 Hic
379 907 516 950 plantat,

289 954 345 987 hie
369 956 465 997 rigat,

292 1003 346 1035 hic
369 1004 494 1036 talenta
521 1004 676 1048 duplicat,

291 1051 345 1083 hic
368 1051 453 1085 fidus
480 1056 648 1085 consecrat

291 1100 461 1134 numisma.

205 1169 267 1202 7a.
294 1167 358 1200 Hic
382 1171 536 1210 prorecta
562 1172 612 1201 est

292 1214 378 1260 fidei,

292 1264 346 1296 hic
372 1268 422 1297 est
447 1269 479 1298 et
502 1274 632 1311 ancora,

556 1334 589 1367 8.
615 1334 685 1367 Nos
712 1343 863 1374 promere

901 246 961 280 21).
991 248 1054 280 Per
1079 256 1159 288 quas
1184 247 1276 290 pacis
1302 247 1395 288 visio,

990 300 1094 329 mater
1118 296 1305 336 Ierusalem,

991 346 1106 378 ornata
1131 345 1254 378 rutilat.

903 413 962 447 3b.
990 412 1084 467 Misit
1107 412 1307 446 Swithunum

989 465 1098 502 patna

989 513 1099 543 natum
1127 513 1159 542 et
1183 510 1331 552 Anglica.

903 579 962 613 4b.
990 579 1131 618 Quorum
1156 577 1279 610 lavacri

990 627 1081 667 prior
1108 626 1165 658 dat
1189 625 1321 669 fontem,

990 683 1128 716 sequens
1153 675 1239 715 pluit
1263 675 1352 714 signa

989 723 1203 763 triumphans.

904 791 963 825 5b.
990 791 1066 823 Dux
1093 791 1127 821 et
1150 790 1206 822 hic
1230 792 1331 831 tonat,

989 839 1045 871 lux
1072 841 1104 869 et
1129 838 1182 870 hic
1208 837 1360 878 fulgurat.

902 907 960 942 6b,
986 905 1155 949 Baptisma

987 955 1043 987 hic
1067 954 1214 995 praebet,

991 1004 1131 1036 chrisma
1154 1003 1208 1035 hic
1233 1001 1425 1045 sanctificat,

989 1052 1043 1084 hic
1069 1051 1172 1095 docet,
1193 1051 1247 1083 hic
1273 1053 1354 1092 orat,

989 1101 1044 1133 hie
1067 1098 1186 1133 firmat.

904 1170 922 1201 7
931 1169 962 1201 b.
990 1167 1097 1201 Ambo
1123 1168 1299 1211 praesules,

992 1216 1116 1258 angelis

990 1265 1115 1307 Anglos
1142 1265 1196 1305 qui
1222 1264 1358 1298 sociant.

617 1392 677 1423 per
703 1392 783 1423 quos
808 1386 844 1415 tu
870 1381 933 1425 fac,
963 1382 1101 1424 Christe,

614 1431 649 1463 in
675 1431 774 1464 astris
799 1431 953 1464 Alleluia.

268 1507 354 1542 Ττορ4
386 1517 439 1535 ms.
462 1507 672 1536 Wintoniense
693 1516 770 1536 saec.
794 1506 839 1536 11.
883 1506 953 1535 Ood.
977 1507 1105 1543 Collegii
1129 1506 1269 1544 Corporis
1292 1506 1404 1535 Christi
1426 1507 1530 1536 Canta-

193 1546 308 1583 brigen.
328 1544 394 1574 473.
413 1562 453 1566 —
474 1546 554 1575 'rstel
575 1547 627 1575 der
647 1546 799 1583 Sequenz:
830 1548 925 1575 Eece
947 1555 1053 1582 quam
1074 1546 1215 1573 bonum.

660 1680 722 1713 154.
754 1680 799 1712 De
820 1681 929 1713 saneto
950 1680 1068 1712 Blasio.

205 1763 262 1796 1a.
291 1762 380 1803 Lyra
405 1762 512 1795 laudis
539 1761 658 1796 formet
682 1772 806 1806 sonum⁷

292 1811 421 1843 Laudet.
445 1811 592 1844 Blasium
618 1816 801 1853 patronum,

340 1859 410 1892 Nec
435 1860 544 1893 obstet
570 1860 706 1894 desidia.

206 1940 267 1972 2a.
293 1937 358 1970 Hic
383 1938 424 1971 ab
452 1947 531 1971 aevo
554 1938 733 1972 iuventutis

293 1986 334 2019 Se
360 1997 379 2019 a
404 1996 507 2021 naevo
534 1997 593 2029 spe
616 1988 731 2021 salutis

338 2037 450 2070 Alium
477 2036 632 2070 exhibuit.

206 2116 267 2150 3a.
294 2115 349 2147 Ad
373 2115 528 2148 honorem
556 2115 761 2156 praesulatus

293 2163 390 2196 quta
413 2172 535 2197 morem
562 2164 612 2196 sui
638 2166 740 2198 status

342 2212 518 2246 Sublimari
543 2213 670 2247 meruit.

200 2292 262 2324 4a.
290 2290 386 2324 Mons
414 2291 515 2333 Argei

293 2339 404 2372 Virum
430 2339 492 2373 Dei

341 2389 433 2422 Intra
458 2398 591 2431 specum

343 2437 436 2471 Celat
460 2446 570 2471 secum

392 2487 462 2520 Nec
486 2487 558 2520 sine
582 2487 716 2521 solacio,

875 1763 891 1796 1
901 1762 933 1795 b.
961 1763 1069 1801 Pater,
1082 1762 1225 1801 verbum,
1238 1770 1379 1803 pneuma
1389 1763 1536 1794 sanetum

962 1810 1092 1844 Praesit
1116 1811 1216 1851 laudi,
1246 1810 1344 1844 ducat
1364 1813 1503 1853 cantum,

1013 1858 1168 1894 Conferat
1192 1859 1370 1900 praesidia.

874 1938 932 1971 ab.
960 1939 1078 1971 Fretus
1105 1941 1177 1970 arte
1202 1937 1384 1970 medicinae

962 1988 1043 2020 Tam
1069 1987 1131 2019 hac
1155 1990 1250 2029 parte
1276 1995 1369 2027 quam
1398 1985 1507 2019 divine

1012 2036 1128 2069 Multis
1154 2045 1247 2077 opem
1274 2035 1399 2069 tribuit.

877 2114 937 2149 3b.
964 2115 1087 2148 Mentis
1112 2123 1221 2155 sanae,
1251 2113 1338 2146 vitae
1364 2117 1473 2147 rectae

964 2164 1044 2197 Mox
1070 2162 1229 2203 profanae
1255 2163 1360 2196 locum
1389 2167 1498 2196 sectae

1014 2212 1156 2253 Fugiens
1185 2212 1339 2246 deseruit.

878 2291 939 2325 410.
966 2292 1074 2325 Adest
1096 2291 1153 2323 isti

967 2340 1052 2373 Cura
1079 2340 1221 2381 Christi3

1014 2389 1066 2422 Ne
1093 2389 1255 2431 desperet,

1014 2437 1103 2471 Huic
1128 2438 1252 2481 haeret,

1065 2487 1148 2527 Spes
1174 2490 1226 2519 est
1251 2485 1459 2520 confortatio.
