1656 2690
620 643 690 675 329.
722 643 765 675 De
786 643 906 675 sanetis
926 642 1096 684 Apostolis.

509 724 554 756 In
578 723 997 757 Commemoratione
1023 734 1048 759 s,
1076 724 1209 758 Pauli.

193 798 210 830 1
226 806 256 832 a.
285 798 404 831 Coetus
429 798 602 838 apostolici
901 801 958 833 lb.
987 800 1084 833 Cuius
1111 801 1307 835 mirabiliter

330 845 433 879 Festa
457 847 639 879 recolentes
1035 848 1184 881 Flamine
1208 851 1353 890 repletus

281 893 352 927 Deo
378 896 465 928 trino
487 894 629 936 simplici
985 895 1063 936 Ipse
1086 897 1314 938 multipliciter

335 942 497 976 Canamus
522 943 711 985 gaudentes,
1034 944 1103 977 Nos
1129 945 1272 978 illustrat
1299 949 1423 983 coetus.

195 1021 257 1052 2a.
285 1020 385 1060 Petn',
413 1020 507 1054 Pauli
533 1021 688 1061 sanguine
898 1022 959 1055 2b.
985 1022 1029 1055 Hi
1059 1030 1167 1055 coram
1196 1026 1238 1065 te,
1265 1024 1415 1065 Domine,

333 1068 438 1101 Roma
463 1072 682 1110 consecratur,
1036 1071 1173 1104 Lumina
1197 1075 1274 1104 sunt
1299 1071 1373 1114 duo,

285 1116 407 1158 Quibus
435 1115 558 1149 Christi
583 1118 712 1150 nomine
984 1119 1072 1159 Quae
1097 1127 1155 1151 suo
1179 1128 1237 1152 nos
1262 1120 1384 1153 lumine

331 1164 540 1206 Principatus
566 1165 682 1208 datur,
1034 1167 1173 1209 Regunt,
1197 1167 1297 1201 immo
1321 1171 1388 1203 tuo.

194 1243 255 1277 32.
283 1242 392 1276 Ceteri
417 1242 596 1283 participes
897 1245 957 1279 312.
985 1244 1021 1277 Iu
1048 1244 1112 1277 tuis
1137 1246 1273 1286 eloquiis

329 1290 368 1323 In
394 1291 580 1332 apostolatu
1031 1292 1078 1325 Hi
1103 1303 1213 1326 omnes
1235 1295 1350 1328 imbuti

282 1340 352 1372 Hos
376 1343 558 1381 agnoscunt
582 1340 748 1382 principes
984 1341 1057 1374 Suis
1081 1344 1115 1373 te
1140 1344 1306 1383 martyriis

330 1388 370 1420 In
395 1389 487 1421 tanto
509 1389 662 1428 primatu.
1031 1390 1123 1432 Sunt,
1151 1391 1292 1434 Christe,
1318 1393 1432 1427 secuti.

193 1467 256 1500 4a.
282 1465 337 1499 Ad
364 1474 500 1507 quorum
527 1466 655 1506 eloquia
897 1468 955 1502 4b.
985 1467 1030 1501 Ut
1056 1468 1105 1501 sic
1131 1469 1290 1510 evangelii

330 1513 438 1547 Fonte
462 1523 556 1548 sacro
582 1514 640 1547 loti
1032 1516 1173 1551 Verbum
1199 1525 1423 1559 exsequamur,

283 1564 376 1596 Inter
400 1563 508 1596 laudis
533 1564 643 1596 munia
986 1564 1079 1604 Quod
1105 1565 1229 1598 aeterni
1255 1566 1392 1606 praemii

331 1610 500 1644 Poscimus
528 1612 648 1652 devoti,
1035 1614 1129 1646 Dona
1155 1623 1401 1655 consequamur.

264 1687 350 1716 Miss.
378 1697 431 1716 ms.
462 1688 645 1725 Hispalense
671 1697 748 1718 saec.
775 1688 855 1724 ¹⁴i15.
897 1690 967 1719 Cod.
997 1690 1087 1719 Univ.
1108 1691 1233 1719 Ianuen.
1255 1691 1281 1719 A
1299 1691 1357 1719 VH
1383 1689 1410 1720 3.
1432 1691 1469 1720 A.
1490 1707 1529 1711 —

186 1726 272 1755 Miss.
296 1735 348 1755 ms.
370 1726 555 1764 Hispalense
575 1736 653 1756 saec.
677 1726 722 1756 15.
757 1729 827 1757 Cod.
843 1726 1010 1757 Columbin.
1029 1730 1184 1766 Hispalen.
1206 1727 1253 1763 83,
1277 1728 1320 1758 15.
1343 1730 1377 1757 B.
1392 1745 1430 1750 —
1443 1731 1528 1759 Miss.

185 1774 240 1794 ms.
261 1767 446 1804 Hispalense
470 1774 547 1794 saec.
577 1764 620 1794 15.
656 1766 727 1796 Cod.
750 1768 918 1796 Columbin.
939 1768 1096 1804 Hispalen.
1119 1766 1166 1799 83.
1189 1767 1233 1797 17.
1256 1768 1286 1796 Ο.
1313 1784 1344 1789 ν-
1368 1770 1453 1798 Miss.
1474 1778 1529 1798 ms.

185 1805 370 1841 Hispalense
396 1813 475 1834 saec.
508 1804 552 1834 15.
601 1805 672 1834 Cod.
701 1806 870 1836 Columbin.
898 1807 1056 1844 Hispalen.
1084 1804 1131 1839 85,
1161 1806 1205 1836 18.
1233 1807 1269 1835 D.
1298 1823 1336 1828 -—
1363 1809 1448 1837 Miss.
1474 1817 1529 1837 ms.

185 1844 371 1879 Hispalense
391 1853 469 1873 sace.
487 1843 531 1873 15.
569 1843 638 1872 Cod.
657 1844 814 1874 Columbin
842 1845 999 1881 Hispalen.
1014 1846 1123 1874 Vitrin.
1142 1844 1187 1874 12.
1201 1846 1238 1874 E.
1259 1862 1297 1867 -
1318 1847 1402 1875 Miss.
1415 1847 1529 1883 'Hispa-

182 1883 265 1912 lense
287 1885 358 1920 imp.
381 1883 504 1921 Hispali
528 1881 610 1913 1507.
634 1885 666 1912 F.
693 1900 733 1905 -—
763 1884 814 1920 1b,
838 1882 856 1912 3
877 1885 948 1922 Ipso
969 1885 1057 1913 BCD.
1078 1900 1098 1903 —
1138 1883 1189 1920 2a,
1211 1882 1229 1913 3
1249 1886 1282 1913 in
1304 1885 1415 1914 Christi
1435 1886 1468 1915 F.
1492 1902 1527 1906 —

181 1923 242 1951 Str.
263 1920 308 1952 3b
331 1932 396 1961 sqq.
417 1922 517 1952 fehlen
540 1923 654 1952 ODEF.
675 1938 714 1943 --
733 1924 871 1961 Mangels
893 1925 946 1953 der
957 1924 1090 1952 Melodie
1111 1924 1206 1953 bleibt
1225 1933 1255 1952 es
1276 1924 1464 1956 zweifelhaft,
1491 1926 1528 1954 ob

181 1961 266 1990 nicht
285 1963 335 1992 die
355 1962 584 1999 Halbstrophen
608 1963 702 1991 selbst
722 1964 754 1990 in
775 1963 904 2000 Strophe
924 1963 985 1992 und
1006 1962 1232 2001 Gegenstrophe
1253 1973 1314 1992 von
1329 1963 1362 1998 je
1382 1962 1400 1991 2
1416 1965 1528 1993 Versen

178 2010 216 2029 zu
239 2002 378 2039 zerlegen
399 2001 476 2030 sind.

579 2105 649 2138 330.
681 2108 726 2139 De
747 2107 867 2139 sanctis
891 2105 1121 2146 Evangelistis.

193 2182 252 2215 la.
279 2180 336 2214 Ad
361 2181 479 2214 laudes
502 2180 702 2221 animalium,
896 2180 954 2214 lb.
982 2179 1151 2213 Ecclesiae
1178 2180 1307 2213 devotio

277 2230 382 2263 Deum
411 2228 665 2263 collaudantium
981 2228 1115 2262 Attollit
1138 2230 1315 2270 praeconio

325 2279 365 2312 In
390 2288 534 2320 superna
558 2278 678 2321 patria,
1030 2277 1222 2311 Sanctorum
1247 2277 1420 2320 magnalia.

186 2362 247 2394 2a.
275 2358 444 2393 Resonant
468 2357 501 2390 in
528 2357 661 2390 aethere
893 2357 955 2392 2b.
982 2357 1091 2390 Patris
1117 2358 1214 2398 atque
1239 2355 1299 2389 filii

278 2406 376 2439 Dulci
401 2406 624 2440 modulamine
983 2405 1030 2437 Et
1050 2405 1185 2448 spiritus
1210 2404 1364 2446 paracliti

325 2455 498 2488 Trinitatis
524 2456 671 2500 gloriam,
1031 2454 1238 2487 Maiestatem
1264 2455 1403 2488 unicam.
