1656 2690
597 649 621 681 1.
654 648 945 689 Dominicalprima
964 649 1137 681 Adventus.

584 730 616 763 1.
644 729 774 763 Gaudia
798 729 919 763 mundo
945 729 1065 774 futura,

646 779 883 818 prophetarum
909 787 992 820 quae
1017 779 1137 812 clamat
1158 779 1248 823 tuba,

202 845 264 879 2a.
293 844 392 878 Clara
414 845 643 886 praecinamus
907 846 968 882 ab.
995 846 1137 880 Pulchra
1159 846 1334 881 reboantes

291 893 435 927 melodia
995 895 1091 928 simul
1116 904 1249 936 organa.

205 962 267 997 3a.
293 960 390 1004 Nam,
417 962 472 1003 qui
498 961 658 1003 gubernat
908 963 967 998 3b.
996 963 1090 996 Servi
1116 962 1221 1004 figura

291 1018 413 1050 supera
440 1013 473 1043 et
496 1015 629 1043 terrena

292 1067 420 1092 necnon
446 1057 565 1100 infera,

204 1127 267 1160 4a.
294 1125 380 1165 Quos
402 1135 502 1159 saeva

293 1175 407 1207 mortis
435 1175 607 1208 damnarat
631 1177 789 1216 potestas,

293 1231 368 1263 serp
373 1224 456 1256 entis
479 1223 606 1257 invidia

295 1290 362 1323 Sed
387 1293 517 1324 nostras

293 1348 419 1373 summa
446 1340 551 1373 deitas
576 1339 736 1372 miserans

292 1388 416 1422 animas

291 1439 440 1470 traxerat
465 1445 614 1470 carneam

205 1292 267 1326 5a.

206 1506 267 1539 6a.
293 1504 385 1547 Ergo
411 1505 492 1539 haec
515 1505 694 1538 sollemnia

292 1554 401 1595 signat
424 1552 581 1587 adfutura

905 1127 969 1161 4b.

908 1292 968 1326 5b.

907 1505 967 1540 6b.

994 1011 1090 1044 homo
1116 1010 1222 1043 factus
1246 1015 1416 1052 assumpta

994 1063 1122 1092 nosmet
1145 1060 1267 1102 visitat,

994 1127 1049 1159 Ad
1075 1130 1190 1169 stagna

996 1179 1127 1209 cunctos
1155 1176 1332 1209 detrudens
1359 1186 1480 1209 averna

994 1224 1097 1258 multa
1122 1224 1162 1258 ob
1188 1223 1323 1267 flagitia.

994 1292 1048 1325 Ex
1074 1293 1148 1326 alvo

997 1344 1106 1374 castae
1130 1341 1266 1382 virginis
1292 1341 1467 1384 sarcinam,

993 1391 1031 1421 ut
1054 1390 1112 1430 pia

994 1438 1152 1471 redderet
1175 1439 1305 1479 gaudia.

994 1504 1092 1538 Anni
1117 1505 1199 1539 celer
1224 1506 1334 1539 orbita

992 1555 1057 1587 iam
1081 1563 1169 1587 nunc
1193 1555 1362 1596 replicata.

657 1623 716 1656 60.
745 1621 842 1655 Unde
867 1622 952 1656 celsa
977 1623 1117 1664 agmina

206 1690 225 1723 7
237 1699 268 1723 a.
294 1689 478 1723 Laetantur
504 1692 537 1722 et
562 1693 708 1732 pangunt

293 1737 425 1772 Christo
450 1738 597 1782 gloriam,

294 1804 342 1839 Ut
366 1806 410 1839 ad
435 1808 529 1838 tanta

342 1863 497 1895 queamus
523 1852 609 1888 festa

291 1905 400 1937 mente
424 1903 532 1936 nitida

548 1973 580 2006 9.
609 1971 670 2006 Oui
693 1973 774 2006 odas

204 1807 266 1840 8a.

910 1692 928 1724 7
937 1690 970 1724 b.
995 1690 1042 1723 Et
1065 1690 1172 1733 gratia
1196 1691 1290 1731 pacis

995 1739 1062 1772 ima
1088 1740 1232 1773 decorat.

910 1806 972 1842 8b.
998 1806 1188 1846 Pervenire‚

1046 1856 1114 1889 eius
1139 1864 1198 1888 nos
1225 1856 1343 1890 dextra

996 1908 1090 1946 regat
1114 1904 1235 1946 valida,

599 2021 697 2063 digne
718 2030 805 2055 nunc
826 2022 1040 2062 modulemus,
1064 2022 1220 2056 Alleluia.

272 2087 358 2116 Miss.
378 2096 433 2116 ms.
455 2087 484 2116 S.
506 2088 649 2124 Dionysii
675 2095 752 2117 saec.
776 2086 822 2116 14.
857 2087 929 2117 cod.
950 2088 1080 2116 Parisin.
1102 2086 1188 2117 1107.
1209 2088 1243 2116 A.
1265 2102 1304 2106 ——
1324 2088 1409 2116 Miss.
1431 2097 1486 2116 ms.
1507 2087 1539 2116 S.

196 2126 330 2155 Cornelii
351 2125 599 2164 Oompendiensis
622 2125 667 2155 14.
704 2127 774 2156 Cod.
796 2127 924 2156 Parisin.
950 2125 985 2155 17
992 2125 1059 2155 318.
1074 2128 1109 2156 B.
1132 2141 1163 2145 —
1189 2127 1274 2156 Miss.
1289 2136 1342 2155 ms.
1359 2126 1389 2154 S.
1406 2127 1540 2156 Cornelii

196 2164 444 2203 Compendiensis
465 2174 526 2194 sae.
549 2164 594 2194 14.
636 2166 708 2195 Ood.
729 2167 858 2195 Parisin.
881 2164 990 2195 17321.
1012 2166 1044 2195 C.
1073 2182 1108 2186 —
1138 2165 1178 2195 60
1198 2166 1252 2195 hat
1272 2166 1389 2203 gleiche
1409 2166 1541 2195 Melodie

194 2206 253 2233 mit
279 2203 336 2240 62,
354 2203 368 2232 1
396 2214 424 2233 u.
451 2203 510 2239 61),
526 2203 556 2242 1,·
591 2205 686 2234 daher
710 2206 764 2234 dez·
789 2206 926 2242 liegende
951 2205 1056 2234 Druck
1085 2206 1183 2234 dieser
1209 2205 1540 2242 korrespondierenden

195 2242 325 2273 Glieder.
349 2260 387 2265 --
408 2243 450 2273 60
461 2244 538 2273 Inde
552 2245 583 2273 C.
605 2259 644 2263 —
665 2243 718 2280 7b,
735 2243 750 2272 1
765 2245 894 2281 gratiam
909 2245 974 2280 A03
996 2247 1094 2274 terrae
1108 2246 1191 2282 pacis
1205 2245 1265 2279 AC,
1287 2246 1371 2281 pacis
1385 2248 1484 2273 terrae
1498 2245 1537 2279 B;

196 2284 274 2312 auch
295 2283 344 2312 die
363 2284 495 2312 Melodie
514 2283 570 2312 hat
587 2284 636 2312 fiir
655 2286 755 2312 terrae
775 2281 793 2311 2
813 2284 1046 2320 iiberschiissige
1066 2285 1181 2321 Noten3
1203 2283 1320 2313 ‹lanach
1341 2284 1383 2311 ist
1402 2284 1452 2312 die
1465 2283 1540 2311 Ein—

195 2323 363 2359 schiebung
388 2322 584 2351 hinreiehend
611 2322 793 2351 ersiehtlieh.
822 2338 860 2342 —
887 2320 931 2351 8b
953 2325 998 2352 Ac
1017 2324 1135 2352 sincera
1154 2324 1312 2360 pervenire
1332 2323 1425 2358 ABG3
1452 2323 1501 2350 die
1522 2319 1540 2348 2

196 2365 296 2390 ersten
309 2362 416 2391 Worte
436 2364 538 2390 stiiren
552 2362 602 2390 die
615 2361 810 2397 Symmetrie3
832 2362 908 2391 auch
924 2363 974 2391 die
986 2362 1118 2391 Melodie
1130 2362 1185 2390 hat
1198 2362 1428 2399 iibersehiissige
1441 2362 1542 2390 Noten

194 2402 242 2429 fiir
263 2400 432 2437 dieselben3
456 2399 650 2439 „pervenire“
671 2400 823 2439 hingegen
843 2400 898 2430 hat
916 2401 1034 2438 gleicbe
1054 2402 1187 2431 Melodie
1209 2403 1265 2431 mit
1286 2401 1349 2439 „Ut
1368 2402 1406 2429 ad
1425 2397 1540 2429 tanta“.

194 2440 361 2469 Vielleieht
380 2441 454 2470 aber
472 2441 554 2470 wate
573 2449 611 2468 zu
635 2440 807 2469 schreiben:
