1656 2690
182 242 242 273 2a.
269 240 330 279 En,
358 249 437 272 crux
462 241 547 272 alma

271 297 369 329 super
394 287 498 329 fulget
520 288 663 332 aethera,

270 346 334 378 qua
356 337 513 377 pependit

269 385 377 418 David
403 385 511 424 proles
534 385 665 426 inclita3

185 474 244 506 3a.
273 471 391 504 Noster
414 472 540 504 interea

269 529 328 552 rex
353 519 547 553 fortissimus

271 569 303 600 in
331 577 426 601 cruce
450 572 563 602 sancta

271 619 376 649 morte
399 620 578 658 spontanea

273 666 429 706 Purgavit
453 667 596 706 crimina,

272 723 354 754 quae
379 718 586 747 contraxerat

274 763 438 803 originalis
463 766 579 795 natura

273 811 417 843 sauciata

273 860 489 899 protoplausti
513 860 607 892 Adae

274 908 445 941 metuendo
471 909 603 943 scelere.

187 996 250 1028 4a.
279 994 391 1027 Crucis
416 995 514 1036 igitur

276 1043 426 1084 stigmata
452 1043 634 1077 deferentes
659 1045 692 1076 in

278 1092 397 1124 nostris
422 1092 551 1125 assidue
575 1093 725 1125 cordibus

275 1140 444 1179 impressa,

190 1228 250 1259 5a.
276 1226 364 1267 Ergo
390 1231 500 1260 noster
526 1231 575 1260 est

276 1283 377 1307 novus
405 1275 513 1308 David

278 1332 406 1363 semper
431 1325 633 1358 extollendus

327 1372 405 1404 sede
430 1372 554 1414 deifica,

721 162 759 166 -
814 142 859 177 26
910 162 955 166 -

875 238 934 271 2b.

875 471 933 505 3b.

880 997 939 1032 4b.

883 1229 943 1263 51³.

531 1462 563 1494 6.
588 1460 642 1493 1111
667 1462 821 1494 caelestia

590 1509 729 1542 iubilent
753 1512 867 1543 sancta
892 1509 1020 1550 agmina

590 1567 711 1599 nosque
734 1559 892 1591 laetemur
916 1558 949 1589 in
977 1565 1070 1589 cruce
1094 1559 1217 1588 sancta.

961 238 1108 279 Namque
1129 238 1250 280 David,

961 287 1091 319 humilis
1111 287 1268 329 agonista,

962 336 1078 369 stravit
1104 335 1231 368 Goliam

963 392 1095 417 secussa
1119 382 1302 417 fundibula.

962 470 1095 503 Cerberi
1120 470 1266 504 faucibus

961 518 1152 552 fidelissima

963 566 1154 600 famulantia

964 615 1129 648 subtraxit
1153 615 1290 655 pignora

961 664 1159 705 Fortemque
1182 663 1330 704 zabulon,

965 713 1006 745 de
1030 713 1168 745 victoria

965 761 1085 794 callida
1107 762 1372 802 praesumptione

962 810 1175 851 iaofitantem,

965 867 1036 891 cum
1062 868 1120 891 sua
1146 859 1280 900 coniuge

968 907 1120 941 demersit
1145 907 1179 939 in
1204 907 1371 940 barathro.

966 997 1030 1029 Per
1055 1004 1137 1036 quae
1161 995 1301 1027 omnium

967 1045 1131 1076 valeamus
1157 1043 1312 1075 abdicare

968 1092 1244 1133 phantasticorum
1270 1091 1439 1132 spirituum

968 1141 1133 1175 scandala.

972 1228 1032 1268 Qui
1057 1236 1146 1259 suam
1172 1225 1265 1258 nobis

971 1275 1145 1316 singularis

969 1324 1151 1357 machinam
1177 1322 1282 1355 crucis
1307 1331 1399 1354 sanc-

1018 1371 1122 1405 tificat
1146 1375 1290 1412 tropaea.

263 1642 350 1670 Grad.
380 1652 432 1671 ms.
458 1652 481 1670 s.
502 1644 657 1672 Laurentii
683 1645 713 1671 in
737 1644 854 1672 Verano
881 1641 922 1679 (‘?)
950 1651 1027 1671 saec.
1051 1640 1095 1670 11.
1138 1641 1208 1669 Cod.
1229 1638 1356 1669 Roman.
1377 1641 1513 1677 ..hig-elic.

187 1678 250 1709 123.
271 1679 305 1716 (Β
319 1681 366 1709 ΙΠ
389 1679 434 1717 18)
462 1697 501 1700 -
523 1680 570 1716 la,
596 1682 610 1710 1
633 1683 837 1710 multisonant.
862 1697 896 1701 —
918 1680 969 1716 2b,
990 1679 1007 1710 3
1029 1681 1147 1710 Goliam
1168 1680 1345 1717 zweisilbig.
1367 1695 1400 1698 —
1424 1678 1480 1714 2b,
1495 1679 1515 1707 4

185 1727 296 1747 seussa.
321 1735 355 1738 —
377 1718 428 1755 3a,
447 1719 462 1748 1
482 1722 600 1749 interat.
624 1737 657 1740 —
682 1719 733 1755 311,
751 1720 765 1749 1
782 1721 925 1750 Cerberis.
946 1735 985 1739 —
1005 1717 1060 1754 3b,
1076 1718 1093 1747 5
1109 1719 1266 1756 Forteque.
1289 1733 1324 1737 —
1346 1716 1374 1752 3,
1390 1717 1407 1746 9
1429 1727 1514 1746 suam

185 1759 349 1795 coniugem.
370 1774 409 1778 ——
428 1758 482 1794 4a,
505 1758 520 1787 1
543 1760 739 1798 Crucifigitur.
760 1777 786 1780 —
818 1759 869 1794 4a,
893 1757 911 1786 2
935 1760 1083 1796 stigmate.
1104 1773 1143 1777 —
1162 1757 1217 1792 410,
1241 1756 1256 1786 1
1277 1758 1336 1786 Per
1358 1766 1455 1794 quem.
1476 1773 1515 1776 —

186 1796 237 1831 5a,
261 1796 275 1825 1
298 1800 343 1826 est
361 1798 443 1826 fehlt.
467 1814 504 1818 —
526 1798 577 1834 51),
599 1797 616 1828 3
637 1800 793 1827 machiam.
815 1815 852 1819 —
875 1797 901 1835 6,
922 1797 940 1826 2
960 1798 1093 1827 iubilem-

610 1923 651 1955 18.
681 1923 716 1955 111
739 1922 909 1963 Triumpho
930 1930 954 1953 s.
977 1921 1090 1953 Crucis.

200 2004 259 2037 la.
284 2003 378 2036 Nova
403 2005 506 2036 crucis
531 2005 649 2047 gaudia

286 2051 422 2084 Recolat
445 2052 605 2093 Hispania

335 2100 437 2132 Laeto
465 2110 534 2133 cum
558 2102 702 2142 tripudio

201 2190 261 2222 2a.
289 2187 412 2221 Cuncta
437 2188 491 2229 qui
518 2189 686 2229 disposuit,

289 2237 459 2269 Renovare
486 2237 586 2269 voluit

337 2285 482 2326 Antiqua
505 2285 671 2325 miracula,

203 2377 263 2410 3a.
291 2374 402 2409 Crucis
428 2373 530 2406 hostis
554 2373 672 2413 impius

291 2423 374 2465 Rex,
400 2423 565 2464 gehennae
592 2420 684 2463 filius,

340 2471 464 2513 Spiritu
487 2470 639 2504 vesaniae

893 2004 953 2038 lb.

893 2188 955 2221 2b.

896 2373 955 2408 3b.

980 2002 1094 2035 Novae
1117 2011 1240 2034 memor
1264 2003 1389 2043 gratiae

979 2051 1156 2091 Novaeque
1179 2051 1335 2084 victoriae

1029 2099 1141 2131 Crucis
1167 2100 1359 2140 patrocinio.

982 2187 1026 2219 Et
1050 2187 1105 2227 qui
1130 2196 1257 2220 erucem
1283 2193 1463 2232 sperneret,

978 2236 1065 2268 Ante
1091 2245 1218 2268 erucem
1244 2237 1378 2269 caderet

1030 2284 1132 2317 Caesa
1157 2293 1235 2325 gens
1259 2285 1438 2318 incredula*

983 2372 1104 2406 Contra
1130 2371 1293 2404 Christum
1318 2373 1435 2406 nititur

982 2420 1030 2453 Et
1052 2420 1086 2452 in
1113 2428 1239 2452 crucem
1263 2421 1408 2461 loquitur

1031 2468 1202 2502 Sermones
1227 2468 1458 2509 blasphemiae.
