1656 2690
567 223 638 255 343.

686 121 952 156 —294—

673 225 714 256 De
735 225 844 256 saneto
867 225 1059 258 confessore.

854 296 915 331 1b.
942 299 980 330 111
1008 298 1061 329 die
1084 299 1231 331 sollemni

165 294 182 326 1
195 303 223 327 a.
252 295 481 336 Congaudeant
499 294 614 335 sancti,

248 343 411 375 laetentur

249 393 282 421 et
305 389 419 422 fideles
444 391 556 430 populi

943 345 1028 378 beati

943 391 1136 425 confessoris
1164 394 1305 426 Domini.

158 467 222 499 Za.
251 469 351 506 Quem
377 466 533 499 sanctitas
858 468 917 502 2b.
946 471 1006 508 Qui
1026 470 1182 501 talentum

247 514 334 546 vitae
359 514 539 553 probabilis
942 526 962 549 a
986 518 1056 550 Deo
1084 518 1242 550 creditum

247 562 317 594 Deo
346 562 594 603 commendavit,
945 564 1077 605 duplum
1104 565 1295 606 reportavit,

161 637 221 671 3a.
249 639 424 672 Beatorum
450 648 616 672 servorum
855 641 912 673 31).
940 641 1084 673 Rediens
1111 650 1130 673 a
1154 641 1288 681 nuptiis,

246 695 379 718 numero
402 688 594 727 recensituS,
943 698 1022 729 quos
1049 688 1252 721 discumbere
1277 688 1358 721 fecit

245 744 323 775 quos
350 735 522 775 vigilantes
943 741 975 768 et
1001 736 1165 770 confoveri

243 783 369 815 invenit
393 785 487 822 pater
942 786 975 817 in
1002 793 1101 825 regno
1127 791 1269 818 summae

247 829 388 863 familias
414 831 571 864 Dominus
941 833 1162 866 beatitudinis.

157 910 219 942 43..
247 909 356 942 Corde
382 909 459 949 vigil
486 909 618 942 credulo
855 910 915 943 zib.
941 911 1149 943 incessanter
1172 910 1304 942 Domini

247 957 289 989 ad
316 956 386 988 veri
410 956 541 989 luminis
942 958 1126 998 praeceptis
1152 957 1302 1003 subditus

247 1008 414 1045 aspectum
942 1006 1091 1047 implevit

246 1054 356 1086 oculos
382 1054 521 1093 aperuit.
943 1062 1051 1098 opere,
1076 1054 1163 1094 quod
1191 1053 1310 1087 docuit.

158 1131 216 1163 5a.
244 1130 331 1163 Hinc
356 1139 467 1163 omnes
492 1131 722 1172 supplicemus,
855 1132 912 1165 51).
942 1131 1041 1172 Apud
1066 1131 1170 1163 Deum
1198 1132 1401 1164 commendet

243 1182 279 1210 ut
304 1187 362 1211 nos
388 1179 454 1211 suis
942 1184 975 1212 et
998 1189 1059 1221 pro
1085 1181 1203 1212 nostris

244 1226 445 1259 orationibus
942 1233 1013 1260 oret
1038 1228 1192 1268 reatibus,

534 1307 566 1338 6.
593 1305 639 1338 Ut
666 1313 736 1337 cum
763 1315 799 1338 eo

590 1361 672 1384 vera
695 1353 864 1386 beatorum

592 1400 750 1433 laetemur
774 1402 806 1433 in
834 1402 948 1441 gloria.

224 1467 308 1494 Μὶ5.;.
340 1475 393 1494 ms
426 1465 455 1493 S.
485 1466 681 1494 Elisabethae.
709 1468 822 1495 Wratis
822 1467 969 1495 laviensis
1000 1475 1076 1495 saec.
1106 1465 1150 1495 15.
1193 1467 1264 1496 Cod.
1290 1468 1369 1496 Mus.
1397 1470 1483 1498 Siles-

149 1505 213 1532 Fol.
234 1505 249 1532 I
269 1503 307 1533 253
334 1506 363 1532 1ι.
385 1505 420 1531 Α.
447 1519 483 1523 -
511 1504 569 1540 Seq
572 1507 651 1532 uent.
677 1514 731 1533 ms.
755 1506 919 1542 campense
948 1507 1020 1534 anni
1041 1503 1124 1534 1462.
1166 1507 1206 1535 C«,
1210 1507 1237 1534 d.
1259 1507 1481 1536 Darmstadieu.

147 1541 213 1571 521.
236 1544 269 1571 Β.
294 1559 312 1562 -
318 1540 411 1576 -la,
433 1541 514 1579 25(1.
537 1547 567 1572 et
585 1543 732 1571 laetentur
754 1544 786 1571 B.
815 1559 851 1563 -—
883 1543 1215 1578 lh,2:.feh10n13
1241 1559 1279 1565 —-
1306 1544 1359 1581 3a,
1384 1545 1402 1575 3
1424 1556 1483 1584 quo

147 1582 302 1617 vigilantis
316 1582 351 1610 Α,
372 1596 411 1600 —
431 1552 521 1616 31),(11
544 1582 651 1619 gelabit
669 1583 703 1610 111
717 1583 742 1610 Β
762 1583 841 1611 noch
861 1593 900 1611 zu
919 1582 980 1619 3a3
1002 1584 1038 1611 (11
1040 1585 1069 1610 it
1088 1584 1214 1620 beginnt
1233 1584 1286 1612 clas
1301 1585 1410 1614 Alinea
1430 1588 1486 1614 mit

148 1620 272 1648 Initiale
290 1620 464 1657 be1,‚Quos
484 1591 681 1649 disumberffle
702 1637 740 1641 —
762 1620 816 1655 5a,
839 1620 854 1649 1
875 1623 957 1650 Huic
973 1605 1008 1652 15.

557 1733 627 1765 344.
658 1731 703 1765 Ι)0
723 1734 842 1766 sanctis
866 1735 1061 1775 Virginibus.

154 1816 217 1848 la.
243 1816 307 1848 Per
333 1813 461 1847 infirma
485 1814 574 1847 Deus
601 1815 712 1846 mundi

245 1863 399 1896 Fortiora
423 1863 493 1895 vult
519 1861 673 1895 confundi

294 1914 378 1944 Suae
405 1912 434 1944 vi
459 1911 634 1952 potentiae,

858 1816 917 1850 lb.
945 1817 1015 1856 Qui,
1043 1817 1108 1848 vim
1133 1827 1225 1850 suam
1253 1822 1287 1850 ut
1314 1819 1469 1858 declaret,

941 1865 1009 1897 Dat
1033 1865 1066 1896 in
1093 1874 1182 1906 sexu,
1210 1866 1265 1906 qui
1290 1866 1322 1898 vi
1349 1873 1447 1905 caret,

991 1913 1055 1945 Tot
1079 1914 1204 1953 palmas
1232 1914 1397 1948 victoriae.

161 1990 223 2023 2a.
252 1988 348 2021 Caste
370 1988 465 2020 simul
491 1991 524 2020 et
550 1989 666 2021 decore

252 2036 372 2069 Christi
398 2039 532 2068 currunt
556 2037 589 2068 in
615 2036 715 2068 odore

297 2085 359 2117 Via
381 2084 459 2116 licet
483 2093 609 2127 aspera,

853 1988 914 2021 2b.
943 1990 1025 2022 Caro
1052 1989 1142 2022 euius
1169 1990 1209 2022 ab
1240 1991 1392 2031 amplexu

942 2037 1013 2070 Nec
1038 2041 1189 2070 arcentur
1214 2039 1305 2070 molli
1334 2048 1413 2072 sexu

990 2086 1062 2118 Nee
1086 2089 1193 2119 aetate
1217 2090 1340 2119 tenera.

159 2162 218 2195 3a.
245 2161 298 2193 Ab
325 2161 476 2201 amplexu
507 2161 628 2194 Christi
655 2170 728 2194 earo

247 2209 321 2242 Non
347 2209 459 2241 avellit
484 2219 538 2241 eas
565 2218 651 2251 earo,

295 2258 418 2291 Census
444 2260 500 2289 aut
522 2256 667 2300 ambitio,

854 2162 913 2198 3b.
940 2163 1015 2196 Non
1039 2164 1154 2196 avellit
1178 2168 1283 2197 metus
1309 2167 1433 2210 mortis,

942 2211 1016 2244 Non
1042 2221 1128 2244 mors
1153 2213 1235 2254 ipsa,
1263 2214 1338 2254 quia
1364 2213 1459 2248 fortis

990 2261 1054 2293 Est
1078 2263 1113 2294 ut
1138 2270 1225 2293 mors
1254 2261 1396 2295 dilectio.

159 2337 221 2369 nia.
249 2335 292 2376 Si,
317 2343 411 2376 quam
433 2343 543 2368 mucro
560 2343 623 2368 non
641 2336 782 2378 attingit,

250 2383 370 2417 Contra
395 2383 500 2424 iugem
524 2393 560 2416 se
584 2384 764 2425 praecingit

295 2431 459 2466 Pruritum
486 2432 647 2475 lasciviae,

851 2337 912 2370 4b.
939 2337 1133 2370 Intestinum
1162 2338 1262 2371 habet
1287 2340 1419 2382 bellum,

940 2385 1004 2418 Sed
1030 2386 1207 2427 triumphat
1234 2389 1294 2420 hoc
1318 2387 1480 2431 flagellum

986 2434 1096 2466 Armis
1122 2435 1310 2475 pudicitiae.
