1656 2690
747 136 984 172 ,93-

638 232 683 264 97.
716 230 759 264 De
780 232 928 265 Omnibus
949 231 1086 264 Sanctis.

206 301 266 336 1a.
293 302 424 336 Summa
450 313 593 336 summae
620 304 735 336 deitati
906 303 966 337 1b.
994 303 1092 337 Clara
1117 304 1200 345 iugis
1227 306 1260 335 et
1286 303 1403 335 devota

293 351 394 390 Laus,
420 355 573 385 aeternae
597 352 749 393 trinitati,
992 351 1079 384 Laus
1105 352 1242 384 resultet
1266 353 1372 383 mente
1398 352 1468 382 tota

342 400 444 444 Patri,
471 404 559 441 nato,
586 399 719 433 flamini.
1043 399 1213 433 Gloriosae
1239 399 1366 440 virgini.

207 477 265 511 2a.
291 476 474 510 Attollatur
500 479 600 511 corde
626 487 717 518 puro,
905 477 965 510 2b.
992 477 1194 510 Patriarchis
1220 486 1259 510 ac
1284 476 1456 518 prophetis

292 524 367 557 Non
393 527 544 566 torpente
569 535 629 558 nec
655 526 804 568 obscuro,
994 524 1071 557 Cum
1098 525 1249 566 Baptista
1273 528 1390 557 sonent
1413 524 1508 557 laetis

342 573 493 614 Dignitas
518 575 675 616 angelica.
1042 572 1202 606 Cordibus
1226 574 1308 606 haec
1334 573 1471 606 cantica.

205 651 267 683 3a.
293 650 504 690 Apostolicus
530 654 661 684 senatus
905 649 963 684 3b.
993 649 1066 682 Sint
1090 649 1124 682 in
1148 650 1246 683 laude
1273 649 1475 683 confessores

291 698 337 731 Et
363 707 478 732 cruore
503 700 668 732 laureatus
990 697 1036 729 Et
1060 706 1139 737 quas
1164 699 1244 739 legit
1269 699 1361 740 quasi
1385 697 1482 730 flores

338 746 515 780 Exaltetur
540 748 691 788 populus,
1039 746 1129 779 Iesse
1153 747 1266 787 virgae
1290 745 1454 779 flosculus.

201 824 262 858 4a.
290 824 350 856 Isti
376 824 470 857 nobis
497 824 660 857 Christum
687 824 819 864 placent
903 823 964 857 4b.
991 822 1039 856 Ut
1061 831 1101 854 ex
1126 824 1221 856 nobis
1245 826 1278 855 et
1303 824 1353 855 his
1381 823 1504 855 cunctis

290 872 337 904 Et
362 872 545 914 quicunque
569 873 631 905 tibi
658 873 800 913 placent,
990 871 1068 904 Fiat
1092 871 1127 904 in
1151 875 1195 914 te,
1222 872 1307 913 lesu,
1333 871 1452 903 iunctis

338 921 366 954 Ο
392 920 488 954 beata
513 921 654 956 trinitas⁸
1041 918 1192 953 Gloriosa
1218 920 1344 953 civitas.

270 988 360 1023 Trop.
379 989 408 1015 et
424 988 565 1023 Sequent.
581 997 636 1016 ms.
653 988 839 1017 Civitatense
856 995 925 1015 saec
951 984 995 1014 14.
1022 985 1092 1014 Cod.
1108 987 1267 1015 civitaten.
1281 987 1353 1015 LVI
1365 984 1432 1022 (20).
1446 986 1482 1014 A.
1497 1002 1506 1005 -

191 1026 281 1055 Grad.
303 1035 357 1054 ms.
371 1026 555 1055 civitatense
576 1035 653 1055 saec.
674 1025 719 1054 14.
755 1025 826 1054 Cod.
846 1026 1006 1054 Civitaten.
1022 1025 1153 1054 LXXIX
1167 1027 1201 1053 B.
1225 1041 1260 1045 —
1283 1023 1336 1058 21),
1353 1024 1367 1053 1
1389 1034 1425 1053 ac
1445 1026 1478 1053 Β.
1497 1039 1535 1044 —

193 1064 248 1100 410,
273 1063 288 1092 1
309 1066 353 1094 Ut
373 1067 403 1093 et
422 1067 511 1095 nobis
532 1066 566 1094 B.

638 1140 686 1172 98.
717 1139 761 1172 De
782 1138 931 1172 Omnibus
953 1139 1088 1171 Sanctis.

201 1201 263 1235 la.
290 1202 401 1242 Alpha
427 1206 460 1235 et
483 1203 508 1236 O
536 1203 713 1235 nominaris
905 1202 966 1235 lb.
993 1201 1058 1234 Hic
1083 1201 1144 1234 tibi
1175 1202 1244 1235 dies
1272 1202 1411 1243 dicatur,

290 1251 350 1290 Tu,
380 1252 436 1291 qui
461 1252 586 1284 cunctis
614 1251 802 1291 dominaris,
991 1250 1136 1283 Primum
1162 1251 1267 1291 primo
1293 1250 1394 1282 melos
1427 1250 1532 1289 datur,

292 1298 393 1342 Caeli,
421 1303 531 1332 terrae
557 1308 685 1340 quoque
709 1299 809 1331 maris
992 1298 1093 1338 Quem
1120 1298 1247 1332 factura
1273 1301 1474 1339 protestatur

339 1348 527 1381 Plasmator
553 1351 585 1380 et
608 1348 760 1381 omnium.
1039 1347 1185 1387 Trinum,
1213 1357 1312 1379 unum
1337 1346 1522 1380 Dominum.

193 1426 213 1458 2
226 1435 255 1458 a.
284 1425 414 1458 Hincin
428 1425 549 1458 sanctis
557 1425 832 1468 hunclaudemus,
902 1424 963 1457 2b.
988 1423 1114 1456 Lunam
1131 1425 1272 1465 calcans,
1286 1425 1361 1456 leva
1373 1432 1532 1464 pressum,

288 1474 353 1507 Sed
380 1483 460 1514 prae
487 1474 611 1506 cunctis
639 1474 819 1506 exaltemus
989 1471 1065 1504 Sole
1092 1473 1209 1514 cincta,
1235 1471 1330 1505 firma
1357 1471 1489 1514 fessum,

286 1522 363 1555 Iesu
389 1527 538 1565 matrem,
566 1532 629 1563 qua
654 1523 832 1564 gaudemus
990 1520 1101 1553 Stellis
1121 1524 1260 1562 compta,
1289 1531 1370 1562 para
1387 1529 1533 1562 gressum

333 1571 456 1603 Nostra
481 1571 562 1612 pelli
589 1572 735 1604 crimina.
1038 1569 1091 1602 Ad
1122 1570 1277 1603 virtutum
1302 1570 1425 1602 limina.

193 1651 255 1683 3a.
282 1648 459 1681 Ierarchiis
484 1649 723 1690 praesidentes,
899 1647 959 1681 3b.
986 1647 1077 1687 Puri,
1104 1657 1163 1680 nos
1189 1646 1373 1690 purificate,

281 1696 412 1729 Summo
438 1697 508 1738 regi
533 1698 772 1742 praecinentes,
989 1694 1088 1736 Glari,
1115 1705 1175 1729 nos
1200 1696 1392 1737 illuminate,

282 1745 418 1777 Vestras
442 1746 556 1778 laudes
584 1746 814 1786 depromentes
988 1744 1110 1787 Sancti,
1139 1754 1197 1777 nos
1223 1743 1387 1786 perfectos
1417 1745 1503 1785 date,

331 1793 363 1826 A
389 1794 484 1827 malis
512 1792 691 1827 defendite.
1036 1792 1090 1825 Sic
1114 1793 1208 1826 nobis
1233 1793 1407 1827 intendite.

190 1874 256 1906 4a.
285 1872 401 1905 Patres
428 1872 594 1906 Christum
621 1871 809 1915 figurantes,
897 1872 957 1906 4b.
985 1872 1084 1912 Quem
1112 1875 1283 1905 venturum
1309 1871 1504 1914 sperabatis,

280 1921 380 1954 Vates
408 1920 494 1954 hunc
516 1922 784 1962 praenuntiantes
986 1920 1082 1953 Nunc
1108 1922 1141 1953 in
1170 1921 1269 1954 caelis
1295 1921 1513 1963 conregnatis,

280 1970 388 2010 Atque
413 1970 498 2003 viam
523 1973 762 2011 praeparantes
983 1970 1032 2004 Ut
1058 1978 1226 2003 cernamus
1253 1970 1350 2010 hunc,
1378 1970 1515 2011 tergatis

328 2018 409 2051 Eius
436 2021 513 2052 ante
538 2018 668 2062 faciem,
1032 2018 1174 2052 Nostrae
1198 2019 1317 2051 mentis
1342 2019 1456 2053 aciem.

185 2100 246 2133 5a.
276 2097 368 2131 Caeli
394 2098 503 2130 verbis
528 2099 726 2142 intonantes,
894 2098 954 2132 5b.
980 2097 1122 2138 Irrigate
1146 2097 1240 2130 verbi
1265 2100 1338 2130 sata

274 2146 382 2180 Glaris
408 2147 510 2188 signis
537 2151 757 2189 coruscantes,
980 2147 1100 2179 Vestro
1128 2147 1279 2188 dogmate
1304 2147 1454 2187 plantata

274 2195 424 2229 Gratiam
452 2196 594 2238 desuper
619 2200 767 2229 rorantes
981 2195 1153 2237 Gordaque
1181 2196 1268 2229 vitiis
1296 2194 1430 2228 foedat-a

323 2243 490 2278 Arefactis
517 2245 684 2286 cordibus,
1026 2244 1219 2287 Expurgate
1244 2244 1410 2277 sordibus.

178 2328 198 2360 6
213 2335 241 2359 a.
269 2323 400 2358 Oculati
427 2326 504 2365 post
530 2325 563 2355 et
587 2326 674 2366 ante,
891 2324 950 2359 sb.
980 2324 1049 2358 Vos
1076 2326 1243 2365 gestorum
1270 2323 1387 2356 summi
1414 2323 1504 2364 regis

264 2373 367 2406 Retro
395 2373 511 2414 culpae
537 2377 736 2407 excaecante
974 2372 1112 2406 Scribae
1140 2382 1271 2414 quoque
1306 2381 1410 2405 novae
1436 2372 1531 2413 legis,

264 2421 345 2455 Veri
372 2422 450 2454 solis
478 2421 629 2454 radiante
971 2422 1019 2455 Ut
1047 2421 1177 2454 delictis
1208 2421 1258 2453 sui
1287 2421 1395 2462 gregis

313 2469 341 2502 L
366 2478 414 2513 ce,
441 2479 500 2503 nos
527 2471 656 2511 eripite.
1027 2470 1156 2515 Pareat,
1186 2470 1397 2505 intercedite.
