1656 2690
700 133 937 168 —72.-

505 232 537 263 7.
564 229 722 262 Trinitati
746 230 790 263 sit
815 232 948 262 aeterna
972 231 1077 272 gloria

564 277 668 310 Nobis
693 279 874 310 maiestatis
899 278 961 311 Dei
987 279 1104 319 gratia,

568 326 703 358 Maneat
727 335 787 367 per
812 327 942 359 saecula
966 326 1104 360 infinita.

234 414 318 441 Miss.
348 422 401 441 ms.
432 411 693 440 Hildesheimense
723 420 799 439 saec.
833 409 876 440 13.
919 412 989 440 Cod.
1021 411 1117 448 Capit.
1144 412 1296 439 Treviren.
1331 407 1395 438 153.
1423 410 1490 438 add.

158 460 234 480 saec.
258 450 303 479 14.
320 466 356 471 —-
370 449 421 484 312,
444 448 462 477 5
481 450 562 478 filius
585 452 638 477 est.
658 465 698 469 —
716 448 771 485 412,
788 448 805 477 6
826 450 929 478 Durch
942 450 1133 487 Umstessung
1147 453 1199 485 „tu
1211 446 1387 478 benedicta“
1404 449 1491 477 liesse

158 490 221 518 sich
242 490 294 518 der
313 491 456 518 zerstiirte
475 489 561 517 Reim
582 488 751 516 herstellen.
780 503 819 507 —-
840 487 892 523 5b‚
914 487 931 516 5
956 498 999 526 sq.
1020 490 1085 517 Rex
1105 489 1201 516 dictus
1226 489 1343 516 ditavit.
1367 502 1405 506 -
1426 487 1492 515 Nur

158 537 212 556 aus
232 528 425 556 technischen
437 527 641 555 Riicksichten
660 527 728 555 sind
749 527 798 555 die
811 527 995 563 Langzeilen
1016 536 1078 555 von
1091 526 1123 563 je
1140 526 1176 554 11
1191 526 1295 555 Silben
1308 525 1490 563 gebrochen;

158 567 207 595 die
221 567 417 595 Schlurszeflc
432 566 517 601 jeder
530 565 734 602 Halbstrophe
755 567 835 600 aber⁷
853 567 909 594 mit
921 565 1093 594 Ausnahme
1111 566 1163 594 der
1176 563 1195 594 3
1208 566 1327 600 letzten‚
1343 565 1492 593 erheischt

159 606 251 634 durch
272 606 328 634 den
349 606 541 634 Binnenreim
562 606 628 632 eine
647 605 786 642 Teilung.

616 717 657 749 71.
687 718 732 749 De
751 717 850 749 Beata
870 718 975 749 Maria
994 718 1032 749 V.

169 800 185 833 1
200 808 229 831 a.
256 798 311 831 Ad
337 807 430 831 rosae
454 798 595 840 titulum,
862 798 921 831 1b.
948 798 1084 838 Triplex
1110 797 1169 830 sub
1195 797 1319 838 triplici

305 848 348 879 ad
372 846 502 879 laudem
527 846 599 889 lilii,
997 845 1078 878 flore
1102 846 1311 888 mysterium3

254 895 309 927 Ad
337 896 433 928 decus
460 894 564 927 violae
947 895 1003 927 Ad
1030 894 1125 927 dulce
1150 894 1284 934 virginis

304 953 371 985 vos,
395 942 486 975 Evae
509 941 580 984 filii,
997 943 1111 974 matris
1134 942 1343 982 praeconium

351 991 471 1023 Laetos
496 990 664 1030 accingite.
1044 991 1140 1023 Laeti
1167 990 1336 1022 concinite.

170 1069 229 1101 2a.
254 1068 415 1101 Maestum
442 1067 605 1099 exhilarat
862 1067 913 1100 2b
917 1093 1260 1105 .......

305 1119 338 1148 et
363 1117 457 1148 sanat
481 1115 636 1154 saucium,
1011 1141 1260 1150 .....

254 1163 376 1196 Mentis
404 1165 625 1203 contemperat
951 1189 1197 1198 ,,,,,
1251 1189 1260 1198 ,

305 1210 432 1244 furores
457 1209 596 1242 febrium

352 1260 441 1292 Mira
467 1259 648 1292 dulcedine.

167 1338 187 1369 3
202 1346 230 1369 a.
256 1336 335 1369 Flos
361 1345 436 1376 ergo
461 1334 579 1368 florida
864 1336 924 1369 ab.
950 1336 1020 1369 Fac
1044 1334 1110 1368 frui
1134 1335 1266 1376 pascuis

1011 1237 1260 1246 ’’’’’

304 1386 458 1425 virgoque
482 1382 617 1416 floribus
996 1393 1054 1416 nos
1080 1385 1183 1424 patris
1208 1384 1339 1427 gloriae,

255 1432 316 1464 His
341 1433 463 1464 tribus:
488 1432 607 1472 specie,
948 1432 1074 1464 Viroris
1100 1432 1240 1464 uberant

303 1481 432 1520 virtute,
458 1480 612 1523 moribus,
996 1480 1053 1513 ubi
1079 1481 1216 1513 deliciae

353 1529 396 1561 Et
422 1528 484 1560 soli
509 1528 635 1569 similiS,
1044 1528 1338 1562 Immarcessibilis.

168 1608 229 1639 4a.
256 1606 329 1638 Non
355 1606 442 1638 sinas
468 1607 624 1638 tartarum
861 1606 920 1640 4b.
949 1605 1014 1638 Sed
1039 1614 1135 1638 serva
1159 1604 1298 1637 famulos

304 1656 475 1695 precantes
504 1654 636 1686 laedere
997 1658 1070 1686 tuos
1096 1664 1116 1686 a
1142 1654 1237 1696 carie,

257 1703 327 1735 Nec
351 1706 385 1735 te
411 1711 481 1734 cum
509 1702 633 1735 cantico
952 1703 998 1736 Ut
1022 1701 1104 1734 fiant
1128 1702 1263 1734 stabiles

304 1751 474 1783 laudantes
500 1749 616 1782 fallere
998 1751 1032 1782 in
1059 1751 1141 1783 caeli
1168 1750 1315 1793 culmine,

355 1799 420 1832 Sua
444 1797 597 1842 fallacia3
1050 1799 1075 1832 O
1102 1800 1200 1839 plena
1223 1799 1337 1840 gratia.

236 1885 322 1912 Brev.
345 1887 375 1912 et
393 1884 477 1912 Miss.
498 1892 552 1911 ms.
575 1883 744 1912 Coronense
762 1892 838 1912 saec.
861 1883 906 1912 14.
936 1884 1006 1912 Ood.
1027 1884 1125 1912 Vatic.
1146 1882 1232 1911 4757.
1253 1898 1291 1902 -
1313 1885 1373 1912 Die
1395 1879 1491 1912 Uber-

160 1923 264 1951 schrift
282 1923 378 1951 lautet
397 1922 544 1950 daselbst:
568 1923 710 1956 „Tractus
731 1923 767 1950 de
787 1925 891 1951 sancta
910 1920 1036 1951 Maria“.
1066 1923 1270 1951 Unmittelbar
1290 1922 1398 1951 darauf
1414 1923 1491 1960 folgt

160 1963 226 1990 eine
246 1962 340 1990 Reihe
360 1970 421 1990 von
442 1960 623 1998 Sequenzen.

612 2073 660 2104 72.
692 2073 736 2104 De
756 2073 856 2105 Beata
877 2072 979 2104 Maria
999 2073 1036 2104 V.

172 2157 230 2189 la.
256 2155 393 2187 Aeterni
417 2154 557 2186 numinis
865 2154 928 2188 1b.
956 2153 1101 2186 Decurso
1127 2155 1234 2188 stadio

305 2203 415 2235 Mater
441 2204 472 2233 et
496 2201 573 2245 filia,
1000 2202 1110 2235 Nostri
1139 2205 1325 2237 certaminis

257 2251 370 2284 Divini
393 2250 524 2283 luminis
951 2250 1052 2283 Sedes
1074 2251 1109 2283 in
1135 2251 1215 2284 solio

304 2299 455 2332 Lucerna
478 2299 613 2338 praevia
997 2299 1154 2332 Promissi
1183 2301 1343 2343 culminis,

257 2348 434 2389 Nostrique
458 2347 611 2388 germinis
951 2348 1080 2389 Regnas
1106 2356 1178 2379 cum
1203 2347 1270 2381 filio

308 2397 442 2430 Gemma
466 2396 623 2436 primaria
998 2396 1139 2428 Nostrae
1163 2399 1353 2439 propaginis

354 2445 431 2479 Sine
457 2444 615 2486 contagio,
1049 2444 1143 2477 Celso
1170 2446 1321 2481 dominio.
