1656 2690
689 148 928 183 -38—

540 240 589 273 34.
624 242 669 273 De
689 242 895 274 sanctissima
916 240 1084 274 Trinitate.

739 314 771 348 1.
800 314 898 354 Deus,

879 381 940 414 2b.
970 382 1169 422 Quaesumus

964 429 1172 469 ineffabilem,
1200 431 1287 470 piam

963 478 1166 511 clementiam
1187 482 1287 521 tuam,

178 384 240 416 Za.
269 382 393 415 Veniae

264 430 400 471 largitor
427 432 460 460 et
485 429 644 462 humanae

266 479 380 510 salutis
406 480 541 518 amator,

213 556 241 580 a.
269 546 317 580 Ut
342 546 401 578 des
875 545 937 578 3b.

269 604 309 627 ex
334 602 444 627 amore
467 596 522 626 tuo

268 643 431 682 lacrimem,
460 642 516 674 des
542 641 620 675 fidei

268 692 486 731 virtutumque
510 699 642 735 pennas,

182 762 243 793 4a.
268 760 405 792 Praesta
427 758 530 798 nobis,

269 807 359 840 Deus
385 807 596 849 omnipotens,

272 858 348 888 ante
373 854 494 887 exitum

270 904 357 936 vitae
381 905 513 936 nostrae

183 973 243 1006 52..
269 971 494 1003 Humilitatem
520 969 726 1011 profundam,

266 1018 457 1060 patientiam
481 1019 636 1051 invictam

179 1090 240 1120 oa.
268 1086 318 1119 Da
342 1085 448 1118 cordis
475 1086 698 1118 contritionem

267 1137 363 1175 atque
389 1133 595 1166 lacrimarum
621 1133 754 1176 fontem,

269 1183 310 1214 da
344 1181 522 1223 simplicem
546 1182 782 1226 innocentiam3

266 1231 319 1263 Da
343 1229 555 1263 stabilitatem
582 1231 750 1271 nostrique

267 1279 376 1311 cordis
399 1278 585 1318 puritatem,
614 1279 656 1311 da

268 1326 482 1359 constantiam

268 1378 301 1407 et
324 1374 440 1407 mentis
465 1374 706 1416 integritatem3

878 757 939 791 4b.

878 970 935 1004 5¹0.

876 1086 934 1119 ob.

965 545 1086 584 Quibus

963 594 1071 626 induti
1094 603 1206 626 rursus
1228 594 1271 626 ad

963 644 996 673 te
1023 641 1203 682 volitemus,
1230 650 1364 682 prorsus

965 694 997 722 et
1023 690 1146 722 caelum
1170 694 1330 731 petamus.

965 757 1111 790 Firmam
1136 767 1265 799 semper

964 805 1072 850 fidem,
1099 807 1321 839 inconcussam

963 864 1054 895 spem
1073 855 1305 895 caritatemque

964 902 1154 944 perfectam,

963 971 1008 1003 Et
1034 971 1179 1011 corporis
1205 974 1238 1002 et
1261 971 1388 1003 animae

965 1019 1147 1051 castitatem
1172 1021 1373 1059 perpetuam.

961 1086 1015 1118 Da
1039 1086 1132 1118 nobis
1158 1085 1383 1118 fortitudinem

963 1137 996 1165 et
1020 1134 1169 1176 virtutes,
1194 1137 1232 1165 ut
1257 1134 1396 1166 victores

963 1182 1066 1214 nostri
1089 1182 1124 1214 in
1134 1183 1266 1214 ¹cunctis
1285 1182 1460 1214 existamus
1470 1194 1478 1223 3

963 1230 1017 1262 Da
1034 1239 1163 1271 semper
1181 1234 1211 1262 et
1229 1230 1348 1271 ubique
1366 1233 1480 1262 contra

965 1278 1090 1310 hostem
1115 1279 1372 1311 crudelissimum

965 1330 1039 1358 tuae
1064 1328 1139 1367 piae

964 1373 1161 1407 defensionis
1187 1376 1354 1408 auxilium.

182 1445 239 1476 va.
266 1442 358 1475 Haec
382 1450 442 1482 per
466 1445 508 1485 te,
877 1443 895 1475 7
904 1442 936 1475 b.
962 1442 1054 1474 Haec
1077 1443 1113 1474 in
1138 1446 1171 1474 te

267 1491 348 1523 haec
374 1490 415 1522 de
440 1492 482 1532 te,
964 1491 1134 1526 donentur,

181 1559 241 1592 Sa.
267 1558 292 1591 O
319 1559 424 1599 beata,
875 1558 936 1591 8b.
964 1559 989 1592 O
1014 1567 1157 1600 aeterna,

265 1607 447 1648 benedicta,
962 1608 1171 1650 sempiterna,

269 1655 411 1696 gloriosa
435 1655 577 1695 trinitaS,
965 1664 1053 1698 vera,
1080 1665 1205 1689 summa
1230 1657 1350 1689 unitas,

185 1725 245 1757 9a.
272 1723 360 1755 Audi
386 1725 419 1755 et
442 1722 560 1755 exaudi
583 1731 653 1764 nos,
877 1723 937 1757 91).
965 1723 1096 1756 Adiuva
1121 1727 1152 1756 et
1177 1724 1254 1756 iuva
1276 1733 1346 1764 nos,

268 1771 360 1803 salva
966 1772 1088 1804 munda

269 1822 302 1851 et
326 1817 471 1852 salvifica
496 1828 573 1861 nos;
967 1823 1000 1852 et
1023 1820 1200 1853 mundifica
1225 1831 1294 1855 nos.

158 1888 202 1921 10
214 1897 241 1920 a.

268 1888 332 1920 Per
357 1886 556 1926 unigenitum
855 1888 871 1922 1
880 1889 899 1921 O
908 1888 939 1921 b.

269 1936 376 1968 Iesum
404 1933 577 1977 Christum,

272 1984 313 2016 de
336 1983 445 2016 Maria

270 2031 397 2073 virgine
419 2033 542 2073 natum,

967 1889 1028 1929 Qui
1054 1890 1215 1929 processit
1239 1889 1353 1922 matris

968 1937 1010 1970 de
1030 1941 1125 1970 utero

967 1989 1131 2026 tamquam
1156 1996 1294 2027 sponsus

969 2031 1040 2078 (de)
1068 2044 1125 2067 suo
1150 2035 1305 2077 thalamo,

537 2099 594 2133 11.
621 2099 772 2140 Regnans
800 2110 871 2133 cum
896 2105 992 2141 patre

621 2150 652 2179 et
678 2152 790 2181 sancto
815 2149 933 2190 spiritu

621 2204 682 2236 per
706 2196 834 2230 infinita
860 2200 893 2229 et
915 2198 1114 2232 immortalia

623 2245 825 2277 saeculorum
850 2247 990 2279 saecula.

229 2303 314 2331 Miss.
335 2311 388 2330 ms.
403 2301 748 2338 Claustroneoburgense
768 2311 844 2331 saec.
860 2300 905 2330 15.
940 2303 1010 2332 Cod.
1028 2304 1348 2343 Claustroneoburgen.
1363 2305 1430 2335 958.
1453 2323 1490 2327 ——

155 2340 210 2378 3b,
231 2339 250 2370 3
271 2351 314 2379 sq.
337 2344 367 2369 et
386 2349 517 2378 prorsus.
538 2355 576 2359 —
595 2339 651 2374 4b,
672 2338 690 2367 2
710 2349 754 2376 sq.
775 2350 858 2378 spem
878 2343 1094 2370 inconcussam.
1117 2359 1153 2362 —
1175 2342 1227 2378 5b,
1250 2343 1266 2372 1
1286 2345 1330 2372 Et
1347 2346 1430 2374 fehlt.
1451 2362 1490 2366 —

155 2380 210 2417 6a,
227 2381 242 2409 1
265 2383 296 2409 et
315 2381 514 2409 lacrimarum.
536 2394 572 2398 —
594 2376 648 2413 61),
664 2378 682 2406 2
701 2380 780 2408 vires
803 2383 839 2408 et.
862 2394 899 2399 —
921 2380 974 2415 7b,
988 2379 1006 2407 2
1028 2381 1241 2410 condonentur.
1262 2399 1300 2403 —
1326 2381 1397 2418 101),
1414 2383 1429 2412 1
1445 2394 1489 2423 sq.

158 2421 195 2450 de
215 2421 328 2449 matris.
349 2435 389 2439 —
410 2419 463 2447 Bei
484 2415 535 2453 2b,
552 2415 604 2452 3b,
620 2416 665 2446 51)
685 2417 747 2445 und
762 2417 803 2447 7b
827 2421 869 2447 ist
887 2420 920 2446 in
941 2419 993 2447 der
1006 2419 1061 2447 Hs.
1082 2420 1154 2447 kein
1167 2421 1284 2449 Alinea.
1317 2422 1403 2450 Auch
1416 2424 1492 2453 fehlt

157 2460 207 2489 die
227 2459 372 2495 Melodie3
395 2457 487 2486 daher
509 2458 551 2485 ist
569 2457 694 2485 manche
714 2457 877 2494 Abteilung
898 2457 950 2485 der
969 2458 1116 2486 Klauseln
1136 2459 1273 2497 &aglich-
