1656 2690
700 140 937 177 ,17-

159 239 221 271 43.
249 239 287 273 111
314 239 506 279 praesaepio
856 238 916 273 4b.
943 238 1060 271 Lactat
1084 236 1193 270 Maria

244 288 340 330 iacet,
366 286 475 326 angeli
943 287 1128 327 Dominum,
1153 285 1241 326 magi

242 334 430 375 pastoribus
447 331 557 378 [hunc]
573 335 786 376 praedicant3
944 336 1012 367 eius
1037 335 1233 377 cognoscunt
1257 331 1377 365 sidera.

157 412 214 444 5a.
241 409 290 443 Te
314 411 455 451 petimus
482 412 648 453 supplices
859 413 918 447 5b.
945 413 1021 453 Ipse
1046 414 1141 444 natus
1168 413 1216 443 est
1242 419 1282 442 ex
1307 412 1349 452 te,

241 467 321 491 voce
347 468 434 491 nunc
458 460 650 501 humillima,
943 461 996 500 qui
1021 461 1091 493 sine
1115 459 1219 502 initio,

238 506 287 541 Ut
310 508 468 549 impetres
493 509 621 541 veniam
940 508 1030 540 Deus
1053 507 1227 540 ineffabilis

240 555 335 589 nobis
361 556 415 590 hic
438 558 631 590 mortalibus
940 556 974 589 in
999 556 1090 588 nulla
1113 555 1318 588 concluditur

239 615 259 638 a
286 604 427 647 Christo,
941 604 1050 645 prisca
1076 604 1128 635 vel

243 653 335 694 virgo
361 654 585 695 sanctissima3
939 652 1054 684 ultima
1077 654 1234 692 tempora.

151 732 212 763 6a.
240 732 266 764 O
292 731 377 763 mira
398 730 531 762 Domini
851 729 911 762 6b.
937 729 1059 762 Filium
1085 729 1215 760 unicum

238 781 271 810 et
296 778 449 821 gratuita,
938 777 1036 819 misit,
1062 779 1100 808 ut
1125 785 1236 809 servos

238 836 321 868 quae
345 826 439 859 nobis
467 827 569 870 dedit,
597 826 760 859 remedia!
935 828 1106 859 revocaret
1130 826 1173 858 ad
1200 824 1354 857 caelestia

148 907 167 938 ’7
179 915 207 939 a.
234 906 371 940 Hostem
397 906 629 947 antiquumque
850 904 909 938 7b.
935 901 1163 948 Portam(que)
1190 901 1406 943 mortiferam,

236 954 478 996 condemnaret,
941 962 1037 994 quam
1062 953 1208 994 replerat

238 1003 292 1044 qui
317 1005 504 1043 protervam
532 1006 644 1035 contra
670 1010 743 1034 eum
940 1010 980 1035 ex
1007 1002 1129 1041 electis,
1155 1000 1234 1034 forti
1260 1009 1356 1032 manu

238 1053 389 1084 erexerat
941 1050 1099 1091 diriperet

235 1101 364 1132 inanem
397 1107 523 1140 quoque
549 1098 746 1141 superbiam,
940 1101 1038 1140 atque
1063 1099 1237 1132 reduceret
1261 1098 1377 1139 spolia.

526 1177 558 1210 8.
586 1175 699 1217 Tuam,
728 1175 867 1217 Christe,
892 1176 1072 1209 recolentes

587 1225 793 1259 nativitatem
817 1225 1013 1265 suppliciter
1040 1226 1257 1267 deposcimus,

148 1305 211 1337 9a.
239 1305 385 1337 Aeterna
849 1303 910 1336 911.
937 1302 990 1336 Da
1015 1303 1113 1345 digne

234 1352 327 1386 nobis
355 1353 411 1386 des
437 1352 592 1393 praemia,
936 1351 1030 1385 nobis
1057 1350 1266 1392 frequentare

237 1401 352 1442 quibus
376 1400 419 1433 sit
442 1409 526 1441 pura
934 1401 1084 1433 natalitia

235 1459 326 1483 mens
352 1458 391 1483 ac
415 1450 543 1482 sincera
568 1451 720 1490 pectora3
936 1453 1002 1490 tua,
1029 1460 1047 1483 o
1070 1450 1145 1482 Iesu
1168 1449 1368 1491 redemptor.

213 1528 302 1563 Trop.
335 1529 365 1555 et
395 1525 534 1562 Sequent.
566 1535 619 1554 ms.
650 1525 680 1553 S.
711 1525 868 1554 Benedicti
894 1526 1055 1554 Mantuani
1082 1535 1158 1554 saec.
1193 1524 1238 1554 11.
1282 1525 1352 1554 Cod.
1382 1525 1478 1562 Capit.

137 1567 286 1595 Vei-ouen.
303 1565 385 1594 GVH
397 1563 483 1602 (100).
507 1579 544 1583 —
566 1562 617 1600 3b,
634 1562 649 1592 1
667 1565 759 1599 Quae.
773 1580 811 1584 —
829 1562 880 1600 31³,
896 1563 914 1593 3
928 1565 1077 1594 machina.
1100 1580 1135 1584 —
1151 1564 1201 1600 5a,
1218 1564 1235 1593 2
1251 1574 1331 1594 nunc
1344 1565 1427 1593 fehlt.
1443 1580 1478 1585 —

135 1605 188 1640 53,
210 1604 230 1634 4
249 1606 300 1633 hic
318 1605 400 1634 fehlt.
434 1619 470 1623 —
498 1603 549 1640 712,
571 1601 590 1633 3
612 1612 648 1632 ex
670 1604 767 1632 electi.
789 1619 827 1623 —
848 1601 893 1632 9a
915 1602 929 1632 1
951 1603 1121 1633 Aeternam.
1142 1620 1181 1624 —
1204 1603 1256 1640 9a,
1278 1603 1296 1632 2
1317 1604 1418 1633 dones.
1441 1620 1480 1623 —

136 1644 263 1674 Klausel
284 1641 302 1671 8
323 1645 364 1672 ist
385 1644 462 1672 ohne
481 1643 790 1681 korrespondierendc
803 1644 945 1677 Klause1;
967 1644 1004 1672 ob
1026 1644 1231 1681 ausgefallen?
1267 1644 1352 1673 Aueh
1374 1645 1406 1672 in
1426 1645 1479 1672 dor

137 1683 402 1721 vorhergehenden
422 1683 560 1720 Fassung
588 1683 640 1711 der
661 1681 797 1720 Sequenz
822 1682 890 1711 sind
915 1683 964 1711 die
985 1682 1244 1712 Sohlussklauseln
1269 1685 1302 1711 in
1330 1683 1387 1711 den
1407 1683 1479 1712 Hss.

136 1722 187 1750 BC
211 1722 333 1750 Ξῑ111111011
357 1722 535 1750 verwildert.
577 1723 639 1750 Der
663 1721 808 1758 Ausgang
838 1721 890 1749 der
918 1722 1029 1750 letzten
1055 1721 1139 1750 Silbe
1165 1722 1219 1750 auf
1241 1729 1272 1751 us
1297 1720 1337 1758 (8,
1358 1720 1387 1757 2)
1418 1722 1480 1750 und

138 1767 171 1790 or
190 1759 255 1796 (9b,
274 1758 304 1796 4)
324 1762 366 1788 ist
384 1761 482 1789 neben
502 1760 569 1789 dem
589 1762 674 1789 sonst
693 1763 795 1797 streng
815 1760 988 1798 gewahrten
1009 1767 1028 1789 a
1048 1761 1233 1798 verdfiehtig.
1254 1777 1291 1781 -
1312 1761 1375 1789 Auf
1388 1761 1480 1798 jcden

136 1799 288 1828 Halbvers
310 1799 387 1837 folgt
405 1799 546 1834 Alleluia,
569 1799 669 1828 ausser
693 1800 742 1828 bei
764 1797 816 1827 9a.

581 1934 609 1966 5.
639 1933 675 1965 In
696 1932 875 1966 Nativitate
892 1932 1026 1966 Domini.

624 2017 654 2050 1.
682 2017 770 2051 Laus
795 2016 866 2058 tibi,
893 2017 994 2059 Deus,

143 2088 205 2120 23..
233 2086 332 2118 Pater
354 2086 431 2119 Iesu
845 2085 905 2119 2b.
933 2086 1034 2126 Quem
1058 2084 1176 2117 misisti

233 2134 366 2179 Christi,
392 2134 456 2167 Dei
481 2135 596 2179 nostri,
929 2135 1136 2167 incarnatum
1158 2134 1248 2166 nasci

142 2206 203 2239 3a.
230 2204 283 2237 Ex
305 2203 493 2236 veneranda
841 2202 900 2237 3b.
928 2203 988 2244 Qui
1014 2203 1102 2244 ligno
1129 2202 1235 2235 crucis

231 2252 340 2286 Maria
366 2251 493 2293 virgine
931 2254 1068 2284 mortem
1096 2251 1264 2285 devicerat

229 2301 334 2335 Deum
359 2303 393 2334 et
417 2301 592 2335 hominem.
931 2304 964 2334 et
987 2300 1104 2334 tribuit
1126 2301 1227 2334 vitam

140 2374 202 2406 4a.
230 2372 294 2405 Per
320 2369 591 2411 pretiosissimum
844 2368 903 2403 4b.
931 2371 978 2405 Ut
1003 2370 1092 2402 unda
1117 2369 1323 2417 bsptismatis

228 2420 426 2463 sanguinem,
454 2422 637 2453 manantem
931 2419 1039 2451 renati
1063 2417 1182 2458 spiritu

232 2478 325 2502 sacro
354 2470 395 2502 de
418 2469 533 2511 latere,
933 2476 1143 2509 regnaremur
1168 2466 1245 2499 freti

191 2527 311 2555 Blume.
330 2528 482 2557 Sequentiau
499 2527 621 2552 Ineditae.
652 2527 682 2550 V.
1282 2522 1301 2551 2
