1656 2690
206 930 266 963 22.

204 1065 266 1097 3a,

202 1251 265 1283 4a.

205 1435 265 1468 5a.

204 1668 266 1701 ssa.

204 1950 264 1984 7a.

203 2138 264 2170 Sa.

636 713 683 746 95.
715 714 758 745 De
781 713 927 746 Omnibus
950 712 1086 746 Sanctis.

583 796 612 828 1.
641 795 758 827 Almae
785 796 947 828 caelorum
972 800 1099 828 turmae

641 846 840 885 concrepenl:
866 844 1010 877 Alleluia

293 928 330 961 Iu
361 929 415 962 die
439 930 501 962 hac
526 932 747 974 sacrosancta,

293 978 416 1010 sanctis
442 978 591 1011 omnibus
616 979 802 1020 splendida,

295 1064 391 1097 Celsa
417 1065 604 1107 angelorum
630 1066 758 1107 agmina

291 1113 390 1145 laude
414 1113 557 1146 iucunda

292 1161 423 1194 Christo
449 1162 609 1194 resultant
636 1171 768 1202 organa,

293 1248 385 1283 Quae
410 1258 511 1289 supra
535 1249 646 1282 sidera
670 1249 818 1293 pulchra,

292 1306 374 1338 quae
381 1301 455 1330 sunt
463 1295 638 1339 profunda,
650 1298 835 1332 omnimoda

293 1355 376 1386 quae
401 1349 477 1378 sunt
501 1346 633 1378 laudum
659 1355 788 1388 genera,

294 1432 355 1472 Qui
380 1436 567 1466 sanctorum
593 1434 698 1474 gloria

295 1484 345 1514 est
370 1486 400 1514 et
428 1482 574 1525 victoria,

292 1530 379 1563 Laus
405 1533 437 1562 et
461 1539 589 1571 corona,

293 1579 350 1611 lux
376 1581 474 1620 atque
498 1579 635 1623 laetitia,

295 1666 320 1699 O
347 1667 441 1699 stella
468 1667 568 1699 maris
593 1667 716 1710 inclita,

293 1714 319 1747 O
347 1715 488 1755 (lomina,

293 1764 405 1796 mundi
430 1763 554 1805 regina,

295 1811 450 1845 Oratione
474 1812 530 1855 pia

291 1863 326 1892 tu
351 1863 463 1894 nostra
486 1860 583 1894 ablue
608 1860 755 1894 facinora

292 1948 358 1981 Per
383 1948 537 1990 suffragia

292 2000 359 2040 tua,
385 1998 482 2033 beata

340 2047 431 2088 virgo
456 2055 629 2092 puerpera,

293 2135 364 2168 Vox
390 2136 540 2177 ‚angelica

292 2194 386 2226 quam
415 2185 514 2225 clara,

291 2242 375 2274 quae
399 2234 471 2267 Deo
497 2242 627 2274 semper
654 2235 796 2267 concinit

340 2283 504 2318 Alleluia!

257 2400 264 2407 .
294 2372 384 2412 Quae
409 2372 632 2414 patriarchica

291 2421 412 2454 lustrat
436 2421 531 2463 plebs
557 2425 655 2463 atque

339 2470 545 2511 prophetica,

904 930 953 962 212

958 955 966 963 .
993 930 1082 970 Quae
1106 930 1200 963 nobis
1227 933 1333 964 exstat
1358 941 1475 976 annua,

993 979 1052 1012 sed
1076 978 1118 1010 iis
1145 981 1196 1011 est
1220 980 1383 1015 continua.

904 1065 962 1099 3b.
990 1065 1222 1107 Mundanaque
1247 1067 1469 1101 modulamina

903 1249 964 1283 410.

905 1432 964 1467 5b.

905 1667 964 1700 61).

907 1950 965 1984 7b.

909 2137 967 2171 8b.

907 2373 968 2407 9b.

990 1114 1054 1146 iam
1080 1123 1166 1146 nuno
1186 1115 1336 1148 intonant

991 1162 1166 1202 praeconia
1193 1172 1264 1196 cum
1290 1164 1426 1199 laetitia.

993 1249 1201 1282 Proclamant
1225 1259 1305 1283 voce
1330 1260 1449 1285 sonora

994 1298 1156 1331 Christum
1175 1299 1349 1332 Dominum
1365 1300 1533 1333 laudantia

992 1356 1052 1387 per
1077 1348 1208 1379 saecula
1233 1348 1350 1381 omnia.

991 1435 1167 1467 Praestans
1193 1435 1259 1468 illis
1286 1435 1367 1468 ‘talia

991 1490 1090 1516 aurea
1113 1484 1271 1525 praemia,

992 1532 1082 1572 Quae
1106 1541 1170 1564 vox
1194 1533 1337 1565 humana

993 1589 1056 1613 non
1084 1581 1229 1621 explicat
1251 1581 1369 1622 aliqua.

991 1668 1144 1701 Douante
1170 1668 1233 1701 Dei
1258 1670 1374 1712 gratia,

993 1716 1091 1749 Cuius
1117 1726 1211 1750 saera

994 1764 1131 1798 rutilant
1158 1766 1251 1810 dona,

995 1813 1090 1853 Queis
1117 1817 1270 1847 aeternae
1294 1824 1413 1856 magna

995 1870 1229 1903 consequamur
1252 1863 1340 1896 vitae
1364 1865 1511 1905 praemia

993 1951 1095 1984 Porta
1120 1960 1229 1994 aurea,

993 2009 1141 2042 purpura
1164 2001 1250 2042 regis

1043 2051 1140 2089 atque
1167 2049 1366 2091 dignissima.

996 2137 1101 2170 Terra
1126 2146 1189 2178 que
1214 2141 1287 2171 sata

995 2187 1146 2231 humana,

996 2245 1092 2277 quam
1117 2236 1216 2269 beata
1241 2238 1428 2269 sanctorum

1044 2287 1118 2318 sunt
1142 2286 1282 2327 agmina.

996 2373 1070 2406 Lux
1096 2374 1278 2414 apostolica

996 2431 1083 2455 mors
1106 2431 1146 2454 ae
1170 2426 1351 2464 martyrum

1045 2471 1198 2511 pretiosa.
