1656 2690
705 126 970 163 —277—

185 223 229 256 10
241 233 270 256 a.
298 223 364 256 Sed
375 223 656 265 frustratur3nam
667 226 812 259 subiecto
882 224 967 260 lOb.
994 227 1080 260 Saxo
1107 234 1224 267 corpus
1249 225 1414 266 adligatur

297 271 460 313 Linquens
470 275 596 313 martyr
605 275 812 314 corpuslecto
993 275 1039 307 Et
1062 275 1096 307 in
1122 283 1211 307 mare
1236 281 1393 314 praeceps
1415 271 1511 304 datur

340 321 439 354 Caelo
465 321 575 354 reddit
601 322 763 362 spiritum.
1042 322 1106 356 Per
1130 331 1244 355 manus
1266 322 1453 355 satellitum.

182 398 223 431 11
236 408 266 432 a.
294 397 360 430 Sed
386 408 466 439 quos
492 399 606 432 vivens
632 401 809 440 superavit,
882 400 964 434 llb.
994 401 1075 433 Nam
1103 400 1144 433 de
1169 400 1251 432 mari
1276 399 1510 432 descendentes

293 446 343 478 De
369 447 419 479 his
446 455 572 489 quoque
596 448 812 489 triumphavit
990 450 1191 482 Invenerunt
1215 448 1301 480 hunc
1327 449 1461 481 clientes

342 494 508 536 Spoliatus
535 504 693 537 corpore,
1039 498 1205 530 Iacentem
1229 497 1265 528 in
1289 497 1397 530 litore.

182 573 225 606 12
239 582 269 607 a,
296 571 472 614 Sepultura
499 574 687 618 denegatur,
879 573 964 607 12b.
992 574 1135 607 Tandem
1162 573 1245 606 illud
1271 574 1330 606 sub
1357 582 1466 617 arena,

292 620 416 654 Corvus
440 622 482 654 ad
501 622 563 655 hoc
578 625 805 667 praeparatur,
991 622 1085 663 Velit,
1113 622 1195 654 nolit
1218 630 1309 654 mens
1333 622 1503 664 obscaena,

340 670 386 703 Ut
411 679 468 702 vas
494 673 604 703 servet
629 671 786 711 corporis.
1038 669 1154 703 Undae
1179 672 1293 711 tegunt
1318 670 1478 711 aequoris,

177 746 260 780 1321.
287 746 350 788 Da,
381 747 541 792 Vincenti,
569 750 602 779 te
628 748 759 779 canenti
878 747 960 781 13b‚
988 748 1058 780 Tua
1082 755 1182 788 prece
1206 757 1264 780 nos
1290 757 1309 780 a
1335 748 1426 781 faece

288 794 409 827 Nostro
435 796 536 837 gregi,
561 804 685 828 summo
712 796 781 837 regi
988 795 1104 828 Mundi
1131 804 1240 828 serves
1267 800 1299 828 et
1324 806 1458 829 enerves

338 842 388 874 Ne
413 844 542 883 quando
569 843 762 885 displiceat;
1035 844 1181 884 Hostem,
1209 852 1249 875 ne
1273 845 1473 884 praevaleat.

241 918 365 948 Collect.
393 927 446 946 ms.
477 918 614 947 cistercii
643 927 720 947 saec.
748 917 822 948 1²l13.
866 918 935 947 Cod.
957 919 1124 948 Londinon-
1145 918 1220 946 Add.
1244 918 1352 947 15722.
1380 935 1418 939 —
1447 921 1505 948 Mit

163 957 309 993 Melodie3
329 957 510 986 Aufschrift:
530 957 631 986 Prosa
647 957 683 986 de
704 961 807 987 sancto
829 958 988 986 Vincentio
1012 961 1151 994 martyre.

623 1090 692 1122 323.
724 1091 768 1123 De
789 1091 899 1123 sancto
921 1090 1040 1123 Vitale.

317 1181 348 1214 1.
375 1182 495 1215 Annua
520 1183 703 1225 praesentis
729 1184 908 1216 recolamus
934 1182 1054 1223 gaudia
1076 1181 1152 1215 festi

287 1261 347 1293 Za.
374 1260 420 1293 Et
446 1261 532 1294 victo
558 1270 685 1294 roseum
712 1270 891 1303 pangamus
918 1262 1009 1294 hoste
1035 1260 1232 1300 triumphum

431 1310 550 1343 Vitalis
577 1311 703 1353 summi,
732 1310 886 1352 martyris
913 1310 1043 1352 egregii,

284 1385 342 1420 2b.
371 1388 528 1429 Tegmine
552 1389 690 1421 militiae
715 1389 770 1429 qui
795 1389 906 1429 plures
932 1387 1069 1420 abstulit
1093 1396 1180 1427 orco,

430 1436 579 1478 Namque
604 1437 710 1470 latens
734 1438 859 1470 animos
883 1437 973 1469 misit
999 1440 1032 1468 et
1057 1437 1099 1469 ad
1126 1444 1274 1476 superos.

281 1514 342 1548 3a.
370 1514 498 1548 Olaruit
522 1515 610 1548 alma
633 1514 716 1548 fides
740 1524 859 1549 arcano
885 1518 973 1548 tecta
999 1515 1127 1555 decore,

430 1563 574 1605 Cumque
597 1565 808 1598 vacillantem
835 1567 985 1596 cerneret
1010 1563 1209 1602 Ursicinum,

281 1641 341 1675 3b.
368 1643 511 1675 Humani
537 1643 664 1684 generis
690 1642 870 1677 Behemoth
895 1652 959 1675 non
984 1643 1122 1683 pertulit
1146 1641 1271 1674 hostem

427 1691 522 1724 More
546 1700 664 1723 vorare
688 1701 746 1724 suo
770 1700 868 1733 posse
891 1691 955 1724 Dei
980 1690 1147 1724 famulum.

277 1769 337 1801 4a.
365 1768 506 1802 Nomine
531 1778 591 1810 pro
618 1769 743 1803 christi
767 1770 868 1803 iudex
892 1769 1026 1802 insanus
1052 1773 1085 1802 et
1109 1777 1221 1802 amens

423 1818 522 1851 Istius
548 1826 625 1859 ergo
652 1822 750 1859 caput
775 1827 851 1851 ense
877 1816 978 1851 ferire
1002 1818 1104 1852 iubet.

275 1895 335 1930 41).
362 1895 413 1929 Tu
440 1905 577 1938 quoque,
604 1900 731 1939 martyr
754 1897 894 1938 alumne,
921 1896 1038 1930 scrobe
1063 1897 1223 1930 dimersus
1248 1896 1283 1929 in
1309 1900 1382 1930 atra

420 1944 517 1979 Nunc
541 1954 641 1988 super
666 1949 757 1979 astra
781 1946 861 1979 cluis
886 1949 1024 1988 perpete
1045 1946 1119 1979 luce
1142 1943 1256 1980 fluenS.

274 2024 335 2057 5a.
363 2023 426 2056 Ille
449 2024 550 2058 miser
575 2024 673 2057 taetri
700 2025 845 2058 tenebris
871 2025 1035 2057 cruciatur
1059 2024 1196 2067 Averni,

419 2072 470 2105 Tu
495 2073 629 2106 laetaris
655 2082 756 2107 ovans
783 2083 854 2107 cum
879 2073 1006 2115 legione
1030 2074 1111 2115 poli,

271 2150 332 2185 5b.
360 2151 574 2195 Quaesumus,
600 2154 635 2184 ut
661 2152 790 2185 veniam
816 2152 934 2185 crebra
958 2152 1079 2193 rogites
1105 2160 1205 2194 prece
1230 2161 1347 2196 noxae,

415 2200 554 2234 Arbiter
579 2204 731 2234 aeternus
757 2211 815 2235 nos
840 2200 901 2234 tibi
927 2201 1092 2234 consociet

296 2280 329 2313 6.
355 2276 450 2313 Inter
476 2282 509 2313 et
534 2278 656 2313 electos
682 2279 807 2315 adnuat
831 2287 903 2312 esse
928 2289 1014 2315 suos

219 2355 309 2384 Grad.
331 2365 385 2385 ms.
402 2357 635 2386 Ravennatense
655 2365 733 2386 saec.
751 2355 796 2386 11.
834 2356 904 2385 Ood.
930 2357 1027 2394 Capit.
1047 2358 1195 2386 Mutinen.
1218 2357 1243 2385 O
1263 2357 1279 2385 Ι
1298 2357 1328 2386 N
1349 2355 1375 2384 7.
1397 2356 1432 2383 A.
1446 2370 1484 2374 -—

138 2394 229 2424 Grad.
250 2403 305 2423 ms.
325 2396 558 2426 Ravennatense
585 2404 662 2424 saec.
681 2394 726 2424 11.
764 2397 835 2426 Cod.
857 2396 955 2434 Capit.
981 2396 1122 2425 Patavini
1143 2395 1169 2424 A
1188 2394 1236 2425 47.
1265 2397 1299 2424 B,
1325 2411 1363 2416 —
1391 2392 1443 2428 2³,
1466 2392 1483 2421 2

137 2434 250 2462 Vitalis
272 2435 387 2463 cunetis
408 2437 550 2474 martyris
571 2436 606 2464 A.
634 2451 672 2455 —
697 2434 754 2471 2h,
776 2435 795 2465 2
814 2437 939 2474 Iamque
959 2437 994 2464 B.
1014 2451 1052 2455 —
1073 2434 1129 2469 410,
1152 2434 1168 2463 1
1188 2437 1316 2465 scroben
1336 2435 1482 2462 dimersus

137 2475 171 2502 in
192 2476 288 2502 atram
309 2472 345 2500 A·
366 2489 405 2493 —
425 2473 480 2512 4b,
502 2474 521 2504 2
539 2476 642 2504 fruens
663 2476 696 2504 Β.
718 2491 757 2495 -
778 2474 832 2510 510,
858 2474 873 2504 1
895 2485 998 2512 preces
1018 2476 1051 2512 B,
1073 2483 1163 2504 nosse
1183 2475 1219 2503 A.
