1656 2690
709 131 951 165 *42-

164 230 226 262 aa.
252 230 392 262 Mullum
420 229 557 260 dimittis
864 228 928 262 3h.
956 228 1017 268 Qui
1042 231 1076 261 te
1099 228 1243 272 reliquit,

257 278 392 310 multum
418 275 538 309 amanti
950 276 1024 319 heu,
1050 277 1128 318 quid
1155 277 1208 309 hic
1234 273 1340 309 facit?

258 334 319 357 nee
342 328 456 365 postea
950 324 1003 365 qui
1029 329 1062 357 te
1085 325 1221 364 invenit,

258 377 291 405 te
317 373 496 413 deserenti3
951 374 1010 414 eia,
1037 374 1115 414 quid
1140 372 1263 406 habet?

171 463 231 494 4a.
259 461 353 493 Illum
372 458 520 499 profecto
539 462 627 492 tenet
643 460 795 501 alhabor,
865 461 924 494 4b.
953 461 978 493 O
1005 460 1191 493 venerabile
1217 459 1452 503 praesaepium‚

259 508 312 548 qui
339 508 472 550 caelum,
503 513 622 541 terram
951 508 985 540 in
1011 518 1073 549 quo
1099 512 1248 541 servatur

257 561 295 588 ut
319 557 406 590 Deus
433 557 525 601 regit,
952 557 1063 589 mundi
1089 557 1248 597 pretium!

257 608 292 637 ut
316 606 411 638 homo
436 606 517 638 miro
542 605 638 638 modo
955 604 1049 636 Nune
1073 605 1165 646 latet,
1190 613 1276 638 nuno
1300 606 1409 647 tacet3

258 662 437 694 praesaepe
953 658 1030 684 tune
1054 653 1185 694 scietur,

258 702 347 742 quasi
374 711 499 742 pauper
522 702 711 743 praeelegit.
953 710 1022 733 eum
1059 711 1119 742 pro
1145 702 1254 734 multis
1281 702 1494 743 expendetur.

171 791 230 822 5a.
258 789 350 821 Haeo
374 792 450 821 sunt
475 789 612 821 deliciae
865 789 925 823 5b.
951 789 1043 821 Haec
1068 791 1144 821 sunt
1167 789 1325 830 reliquiae

260 836 366 870 fidelis
392 838 518 869 animae
953 837 1026 877 piae
1050 837 1235 878 memoriae,

260 894 359 926 saepe
384 888 492 917 mente
518 884 662 917 recolere
953 894 1033 925 quas
1060 886 1177 918 devote
1200 886 1346 918 recolere

260 933 393 966 humilia
418 936 483 975 tua,
951 934 984 965 in
1011 933 1158 966 absentia
1186 936 1242 966 tua

258 983 332 1015 Iesu
359 981 506 1022 Christe3
953 982 1012 1023 vis,
1039 981 1188 1015 Domine.

173 1072 232 1103 b'a.
259 1069 326 1101 Iam
353 1071 482 1108 oportet
506 1076 557 1100 me
578 1069 729 1110 gaudere,
867 1069 926 1103 6b.
954 1068 1069 1101 Nudus
1096 1077 1184 1101 eram
1210 1077 1271 1100 nee
1295 1068 1449 1112 sciebam,

258 1127 330 1149 nam
360 1116 529 1149 damnatus
556 1126 616 1156 pro
642 1118 765 1150 scelere
954 1116 1175 1149 claudicabam
1203 1120 1235 1148 et
1261 1117 1453 1157 languebam

260 1174 347 1197 eram
378 1167 408 1196 *at
433 1165 560 1197 clausus
954 1168 986 1196 et
1011 1166 1053 1197 ad
1077 1173 1128 1197 me
1155 1165 1305 1205 dignatus

258 1216 363 1245 taetro
391 1221 531 1253 carcere,
954 1222 987 1244 es
1015 1212 1224 1254 descendere,

259 1262 316 1294 sed
345 1261 435 1294 Iesus
460 1262 551 1293 venit
952 1261 1027 1294 Iesu
1055 1262 1194 1293 clemens
1221 1265 1254 1293 et

260 1318 329 1341 eum
358 1309 445 1341 claro
471 1309 601 1342 lumine.
956 1309 1105 1341 caelestis
1131 1310 1267 1343 medice.

172 1396 190 1428 ’7
204 1405 233 1427 a.
259 1396 350 1428 Bone
373 1398 496 1436 pastor,
522 1396 659 1427 multum
684 1405 742 1429 nos
866 1397 926 1429 7b.
953 1396 980 1429 O
1005 1396 1091 1439 Iesu,
1121 1396 1334 1428 clarissimum

257 1443 382 1482 amasti,
956 1444 1132 1484 speculum,

257 1492 384 1532 quibus,
410 1492 495 1531 Iesu,
521 1493 724 1534 praeparasti
956 1493 1132 1532 splendens
1143 1501 1202 1532 per
1210 1495 1312 1525 totum
1319 1493 1495 1534 saeculum,

257 1540 298 1572 ab
324 1539 467 1572 aestibus
492 1539 725 1574 umbraculum.
956 1544 991 1572 tu
1016 1544 1159 1573 nostrum
1188 1549 1222 1573 es
1248 1541 1437 1573 remedium.

171 1628 232 1661 Sa.
260 1627 378 1666 Quidni
405 1636 462 1668 ego
490 1628 642 1669 dolerem,
868 1629 925 1662 Sb.
953 1628 1048 1660 Nunc
1073 1637 1149 1660 vero
1176 1630 1207 1659 et
1232 1628 1379 1669 gaudebo

257 1676 332 1709 Iesu
358 1674 450 1716 bone,
951 1677 985 1708 in
1010 1679 1053 1716 te,
1080 1677 1165 1718 lesu,

257 1724 283 1755 si
315 1733 378 1757 non
404 1724 547 1757 venisses
574 1727 606 1755 et
630 1730 794 1766 aegrotum
952 1733 1023 1757 meo
1050 1725 1130 1767 Deo,
1159 1727 1192 1756 et
1216 1734 1329 1757 servus
1355 1729 1428 1757 tuus

256 1772 434 1805 visitasses.
951 1782 1079 1813 semper
1102 1782 1168 1806 ero.

520 1855 552 1886 9.
578 1852 666 1884 Laus
688 1852 760 1894 tibi,
787 1852 862 1884 Iesu
886 1852 1033 1896 benigne,

587 1902 619 1932 et
643 1900 760 1933 amoris
786 1901 834 1933 tui
858 1901 934 1942 igne

580 1949 722 1981 accende
746 1957 807 1990 me,

582 1999 619 2028 ut
643 2005 771 2038 semper
796 2007 899 2030 amem
925 2003 968 2031 te.

237 2071 371 2099 Process.
397 2080 450 2099 ms.
477 2072 759 2111 Sehonenbergense
786 2076 858 2102 anni
886 2072 970 2104 1530.
1017 2076 1088 2104 God.
1115 2075 1167 2104 Dr.
1194 2076 1242 2103 W.
1269 2075 1429 2104 Baumker.
1458 2091 1494 2095 —

158 2107 211 2144 4a,
233 2107 251 2136 2
272 2112 447 2146 terramque.
468 2126 507 2129 —
527 2110 579 2145 412,
597 2109 615 2138 2
636 2121 679 2147 sq.
702 2113 805 2141 mundi
821 2117 964 2142 servatur.
985 2130 1024 2134 —
1046 2114 1097 2149 510,
1115 2114 1129 2142 1
1145 2118 1267 2143 sauctae
1279 2114 1435 2152 reliquiae.
1456 2130 1494 2134 —

160 2147 210 2182 7a,
232 2146 250 2177 3
273 2149 382 2177 Iesum.
403 2164 439 2168 —
461 2150 624 2178 Vielleieht
641 2152 683 2179 ist
694 2152 915 2181 Vnrstehencles
935 2154 983 2180 ein
998 2153 1174 2190 Reimgebet
1186 2155 1219 2181 in
1233 2154 1494 2190 Sequenzenform.

663 2275 712 2308 40.
744 2275 801 2307 Die
822 2276 993 2309 Dominiea.

594 2354 627 2387 1.
652 2353 704 2387 Sit
725 2355 868 2388 iucunda

651 2402 722 2435 Deo
748 2407 859 2436 nostro
884 2405 955 2438 laus

652 2454 685 2484 et
709 2451 916 2487 vehementer
943 2454 1071 2497 decora,
