1656 2690
654 96 921 132 —190—

131 199 194 231 8a.
221 194 295 228 Non
332 193 487 226 dicendus
515 197 564 226 est
587 193 758 235 propheta,
829 194 888 228 8b.
916 194 1163 235 Paranymphus
1190 196 1222 225 et
1246 193 1401 234 baptista,

218 243 416 283 Prophetiae
439 242 521 283 legis
547 245 634 275 meta
917 242 1026 284 Virgo,
1056 243 1180 281 doctor,
1207 241 1356 282 agonista

267 291 424 323 Praesens
450 299 566 331 agnum
592 290 735 333 indicat3
963 291 1118 323 Fructum
1145 291 1232 323 vitae
1255 289 1405 329 replicat.

134 371 195 403 9a.
220 368 285 401 Hic
302 370 352 400 est
367 376 501 407 maguus
519 370 604 399 teste
617 367 756 408 Christo,
826 366 885 400 9b.
913 367 1014 399 Trina
1044 367 1149 399 sancti
1174 367 1245 398 laus
1270 366 1452 407 praeconis,

217 416 290 448 Non
318 415 461 448 surrexit
485 416 588 448 maior
612 415 675 448 isto
915 414 998 447 Nam
1025 415 1079 455 qui
1104 415 1208 446 trinus
1233 415 1268 447 in
1297 414 1433 458 coronis,

267 464 372 496 Natus
398 473 437 496 ex
463 464 608 498 muliere.
962 463 1086 504 Dignus
1111 463 1198 495 trino
1222 471 1365 496 munere.

485 532 541 566 10.
569 531 666 565 Hunc
689 537 726 563 ut
750 531 846 571 digne
872 531 1101 573 collaudemus,

566 580 696 612 Laudes
723 581 791 612 eius
817 579 1019 619 triplicemus

617 628 732 669 Corde,
758 628 869 669 verbo,
897 636 1005 668 opere.

201 696 290 724 Grad.
320 704 372 723 ms.
406 696 632 724 Benedictinum
663 703 739 723 saec.
768 692 812 723 15.
854 694 925 722 Ood.
947 694 1093 722 Mutinen.
1115 692 1218 721 Esten.
1239 693 1300 721 XII
1319 693 1346 721 L
1367 689 1394 719 8.
1415 706 1453 711 —

124 734 175 768 lb,
199 733 214 762 1
236 734 367 763 laudent.
389 749 425 753 —
447 732 499 771 5b,
521 731 538 761 3
559 735 690 762 Manent.
710 748 750 752 „-
771 731 790 760 7
797 734 825 768 b,
850 731 864 762 1
885 733 972 761 hunc.

399 847 460 880 216.
490 847 526 879 In
549 846 761 879 decollatione
783 854 807 877 s.
827 845 977 878 Iohannis
998 845 1174 886 Baptistae.

133 919 152 951 1
165 927 194 952 a.
221 915 262 952 In
290 918 418 950 deserto
444 927 507 951 vox
534 919 702 950 clamantis
828 916 889 951 ib.
917 915 1020 957 Opem
1046 917 1136 949 cuius
1160 917 1382 956 imploramus‚

220 966 312 997 Viam
339 966 430 998 verbi
456 967 704 998 demonstrantis
914 965 984 1007 Ipsi
1010 974 1105 998 voces
1132 964 1323 997 extollamus

269 1015 451 1047 veneratur
473 1014 581 1047 hodie.
965 1013 1098 1046 Cantico
1122 1012 1277 1046 laetitiae.

133 1093 194 1124 2a.
221 1088 326 1132 Hunc,
355 1099 423 1123 cum
446 1091 559 1131 sponsi
578 1092 621 1123 sit
637 1091 758 1124 amicus
825 1092 886 1125 ab.
911 1089 944 1126 A
968 1089 1106 1132 profano
1132 1091 1300 1131 religatur,

220 1139 298 1171 Plus
317 1148 412 1179 quam
432 1142 531 1180 vates,
559 1149 616 1172 rex
629 1139 758 1180 iniquus
913 1139 999 1172 Dum
1020 1139 1176 1171 incestum
1205 1141 1392 1170 exsecratur

268 1187 438 1228 Mancipat
463 1188 640 1220 custodiae.
964 1187 1115 1228 Coniugis
1141 1186 1297 1220 nefariae.

134 1265 195 1298 Sa.
221 1261 319 1298 Necis
345 1264 432 1296 virus
458 1267 598 1297 scortum
626 1264 733 1305 struit,
826 1265 886 1298 3b.
912 1262 1025 1298 Novae
1052 1264 1152 1306 dapes
1179 1266 1367 1296 cruentatae

220 1313 333 1345 Lictor
358 1311 446 1352 ferit,
473 1313 582 1345 insons
609 1313 675 1344 ruit
914 1313 1037 1345 Mensis
1065 1313 1154 1344 disco
1181 1315 1257 1344 sunt
1281 1312 1403 1344 allatae

271 1361 394 1402 Culpae
419 1370 532 1393 carens
559 1361 656 1394 carie.
961 1360 1171 1394 Ministrante
1198 1360 1299 1393 rabie.

134 1439 198 1472 4a.
223 1435 287 1480 En,
316 1437 464 1470 caelestis
490 1448 509 1470 a
534 1439 670 1470 scelesto
828 1439 889 1472 4b.
919 1434 1030 1471 Saevit
1054 1436 1157 1478 furor2
1182 1438 1233 1470 ius
1258 1437 1420 1479 turbatur,

223 1485 278 1518 Sic
302 1485 464 1518 occumbit
489 1489 518 1518 et
545 1485 684 1527 funesto,
916 1486 986 1518 Non
1015 1487 1074 1526 est,
1101 1486 1154 1526 qui
1181 1486 1396 1526 compatiatur

272 1534 392 1566 Praeco
419 1534 507 1566 cedit
531 1536 665 1575 gratiae.
964 1535 1052 1566 Iusto
1081 1535 1129 1566 vel
1156 1534 1309 1566 iustitiae.

136 1614 195 1645 5a.
222 1608 307 1646 Beat
331 1614 477 1644 sanctum
502 1612 606 1644 trinus
624 1610 758 1655 fructus,
830 1612 890 1645 5¹0.
917 1609 1017 1652 Apud
1044 1611 1161 1654 ipsum,
1188 1621 1250 1653 quo
1276 1612 1390 1644 beatus

224 1660 358 1692 Transit
388 1660 510 1692 clamor
532 1662 629 1700 atque
654 1661 758 1693 luctus
917 1659 1059 1692 Gustans
1084 1660 1205 1701 gaudet
1228 1660 1393 1692 laureatus

273 1708 456 1741 Praesentis
481 1709 641 1741 miseriae.
966 1708 1015 1741 Sit
1041 1711 1194 1750 precator
1220 1709 1342 1741 veniae.

203 1774 293 1803 Grad.
314 1777 345 1802 et
364 1774 503 1812 Sequent.
524 1784 578 1803 ms.
592 1775 826 1804 Unterlindense
843 1784 921 1803 saec.
938 1773 982 1803 14.
1005 1774 1077 1803 Coe.
1094 1774 1273 1803 Oolmarien.
1288 1773 1355 1803 312.
1371 1777 1405 1803 A.
1420 1791 1457 1795 —

126 1813 216 1842 Grad.
243 1817 273 1842 et
292 1813 431 1850 Sequent.
462 1823 515 1841 ms.
539 1814 769 1842 Unterlindense
790 1822 867 1842 saec.
898 1812 942 1841 14.
985 1814 1056 1841 Cod.
1079 1813 1255 1842 Colmarien.
1278 1811 1342 1842 317.
1364 1814 1398 1841 Β.
1418 1828 1458 1832 -

125 1852 212 1881 Naah
231 1853 365 1881 Ausweie
387 1853 438 1881 des
458 1853 667 1881 Akristichons
690 1853 895 1889 „Iohannes
918 1849 1145 1889 Ba[ptista]“
1167 1852 1308 1880 scheinen
1330 1851 1346 1880 6
1362 1852 1456 1881 Halb-

126 1891 268 1927 strophen
287 1900 325 1919 zu
344 1891 451 1919 fehlen.

497 1985 557 2017 217.
589 1985 633 2016 De
653 1993 676 2016 s.
696 1983 836 2016 Iohanne
859 1983 1083 2025 Evangelista.

138 2057 198 2090 la.
226 2056 322 2097 Laus,
350 2056 463 2098 gloria,
833 2055 892 2089 lb.
920 2056 1058 2100 Christe,
1086 2058 1142 2088 tua

224 2105 327 2137 virtus
353 2108 386 2137 et
411 2104 516 2145 gratia
919 2105 985 2136 sint
1008 2108 1107 2144 atque
1130 2108 1283 2138 maneant

224 2153 375 2193 salusque
400 2157 543 2193 aeterna,
919 2153 1004 2186 bona
1029 2162 1174 2194 quaeque
1199 2158 1327 2187 cuncta.

139 2222 158 2253 2
172 2230 202 2254 a.
229 2219 290 2260 Qui
316 2228 445 2251 carnem
833 2221 891 2253 2b.
917 2220 1096 2253 Iohannem

228 2268 268 2300 de
296 2267 419 2310 virgine
443 2276 675 2309 assumpseraS,
922 2270 1122 2302 custodieras
1146 2269 1304 2311 virginem

226 2316 423 2357 integritatis
449 2316 555 2349 aulam
922 2316 1013 2349 verbi
1038 2317 1132 2350 huius
1157 2327 1278 2351 arcana

227 2367 364 2398 matrem
389 2374 515 2406 quoque
540 2373 729 2398 servaveras
921 2373 1069 2398 reserare
1091 2367 1275 2407 apostolum

224 2413 520 2458 incontaminatam,
922 2417 956 2446 et
981 2415 1222 2455 evangelistam.
