1656 2690
716 130 981 166 —169—

195 222 256 254 2a.
285 223 323 255 In
349 232 412 265 qua
437 225 569 264 praesul
898 228 958 262 2b.
985 227 1177 261 Meritorum

281 275 470 313 martyrque
984 276 1129 318 praemia

282 319 450 354 Foillanus
984 327 1150 358 assecutus

284 377 381 402 carne
408 369 557 411 deposita

286 417 419 450 caelesti
445 418 580 451 indutus

286 468 336 498 est
360 466 473 508 gloria.

194 533 213 564 Β
230 542 259 566 a.
288 533 352 566 Hic
378 532 507 567 Christo
535 535 669 568 devotus

286 591 306 614 a
329 582 471 623 pueritia

287 630 412 672 regalia
438 631 584 664 deseruit

285 679 494 718 patrimonia.

197 746 258 778 4a.
282 746 379 778 Hunc
404 756 424 778 a
450 747 539 780 cunis

282 793 366 826 fovit
389 794 561 837 Hibernia,

284 843 494 876 occiduorum
517 844 635 885 insula,

281 894 356 931 post
382 896 415 923 et
438 892 510 933 ipsa

283 939 323 972 ab
352 949 389 973 eo
416 939 485 973 fota

283 989 464 1029 spiritualis
491 999 584 1023 escae
611 991 715 1030 copia.

197 1057 216 1088 5
230 1065 261 1089 a,
288 1057 403 1089 Plures
432 1057 516 1090 enim
542 1057 637 1091 huius

898 539 957 573 3b.

896 750 957 783 4b.

983 374 1046 406 iam
1074 382 1172 414 super
1197 374 1329 406 aethera

985 425 1169 455 sanctorum
1196 423 1329 455 sortitus

986 470 1131 511 collegia.

987 539 1094 580 Vagus
1121 538 1195 570 hinc
1222 539 1330 572 divino

984 591 1064 619 nutu
1089 596 1149 626 per
1174 588 1277 620 maria

985 634 1185 667 renuntiavit
1208 634 1336 676 patriae

985 682 1089 715 factus
1115 683 1251 717 advena.

984 751 1169 784 Imitantem

984 799 1070 831 hunc
1094 799 1275 839 apostolica

984 847 1039 889 pio
1064 847 1137 878 nisu
1161 847 1301 888 vestigia

984 896 1069 928 sicut
1093 895 1184 936 pacis

986 943 1217 984 evangelistam

985 992 1114 1031 excepit
1138 991 1280 1025 feliciter
1305 991 1425 1025 Gallia.

950 1085 957 1093 .
984 1060 1066 1093 Tam
1091 1068 1218 1100 quoque
1244 1060 1402 1092 virtutum

285 1105 460 1145 praeconio
985 1110 1174 1141 ornamento

286 1156 363 1185 sunt
387 1153 503 1186 imbuti
529 1155 615 1188 vitae
985 1165 1079 1197 quam
1106 1157 1268 1190 materiali

289 1201 489 1235 documentis
985 1206 1183 1238 incremento

286 1249 349 1282 Dei
376 1254 534 1291 operante
559 1252 673 1294 gratia.

198 1318 256 1350 6a.
285 1318 310 1351 Ο
338 1327 431 1359 quam
458 1320 601 1360 gloriosa

282 1367 369 1399 vitae
395 1367 457 1399 viri
483 1368 618 1401 merita!

199 1435 260 1467 7a.
290 1434 432 1467 Sinceris
459 1445 577 1476 praeco
603 1436 747 1469 moribus

286 1483 320 1515 in
347 1485 413 1517 vita
442 1485 548 1517 clarus
575 1485 669 1518 nituit

284 1541 324 1564 ac
350 1533 469 1566 clarior
495 1543 514 1566 a
538 1536 643 1567 morte

282 1581 488 1623 resplenduit

283 1639 344 1670 per
369 1639 464 1671 quam
492 1631 588 1671 plura

284 1679 514 1712 miraculorum
542 1680 712 1725 prodigia3

194 1747 256 1780 83.
282 1747 372 1789 Ergo
400 1747 491 1780 cuius
513 1752 563 1781 est
585 1749 690 1790 pietas

282 1797 366 1829 tanti
392 1797 497 1837 patris

282 1855 341 1878 nos
366 1845 519 1885 amplecti

279 1895 429 1937 pignora,

283 1944 328 1975 sit
354 1947 386 1976 et
411 1943 514 1984 ipsius
540 1943 647 1985 gratia

282 2002 342 2025 nos
369 1992 437 2025 eius
464 1994 581 2026 mereri

280 2041 474 2082 patrocinia.

899 1321 957 1355 6b.

899 1438 957 1471 7b.

898 1749 957 1783 81).

986 1257 1115 1294 compta
1140 1257 1243 1286 mater
1268 1256 1318 1286 est
1344 1253 1491 1287 ecclesia.

985 1322 1009 1355 O
1037 1330 1132 1363 quam
1159 1322 1303 1362 pretiosa

985 1370 1048 1402 viri
1073 1371 1162 1402 necis
1189 1370 1309 1410 gloria!

985 1438 1076 1470 Inter
1101 1447 1183 1478 quae
1209 1437 1277 1469 eius
1305 1437 1414 1477 passio

986 1486 1145 1527 columba,
1173 1486 1332 1518 sanctitas
1364 1485 1490 1528 angelo,

987 1535 1132 1576 corporis
1158 1534 1329 1567 absconsio

986 1585 1136 1616 columna
1161 1590 1237 1616 sunt

986 1632 1176 1674 consignata

985 1681 1064 1714 trini
1088 1681 1229 1713 numinis
1256 1680 1372 1722 gratia.

985 1749 1029 1782 Et
1056 1752 1101 1791 tu,
1129 1749 1277 1781 caelestis
1302 1749 1424 1790 accola,

986 1798 1075 1830 cuius
1101 1795 1187 1830 festa

987 1845 1186 1879 celebramus

986 1904 1104 1937 annua,

986 1945 1045 1977 tibi
1074 1944 1209 1977 devotos
1235 1943 1356 1977 adiuva

986 2002 1108 2034 nosque
1133 1992 1262 2027 Christo
1287 1991 1427 2033 benigne

988 2042 1135 2083 concilia,

575 2111 608 2143 9.
637 2109 676 2142 In
704 2119 766 2151 quo
792 2109 886 2143 nobis
913 2119 973 2150 per
998 2113 1032 2142 te

634 2158 700 2190 sint
725 2157 845 2193 festiva
870 2159 1000 2199 gaudia.

262 2236 387 2264 Collect.
409 2245 462 2264 ms.
485 2235 514 2264 S.
536 2236 696 2264 Laurentii
716 2236 861 2265 Leodien.
883 2244 961 2265 saec.
986 2234 1031 2264 12.
1063 2235 1134 2264 Coti.
1157 2237 1327 2265 Bruxellen.
1349 2234 1425 2264 9742
1439 2236 1474 2264 A.
1491 2250 1529 2255 -

183 2275 309 2304 Collect.
331 2284 385 2303 ms.
407 2276 437 2304 S.
458 2275 617 2304 Laurentii
630 2275 774 2303 Leodien.
797 2283 874 2304 saec.
898 2273 942 2304 11.
965 2276 1037 2304 God.
1053 2276 1223 2304 Bruxellen.
1241 2272 1426 2304 18653—57.
1443 2276 1476 2304 B.

182 2312 717 2350 1111831115.Τ1ᾞᾶοῃθηεθ(ῗ)ε3εο.
742 2313 787 2342 14.
830 2312 1259 2351 Οοᾱ.Μοῃ1(».η.28(107)()

260 2352 313 2388 21),
334 2352 352 2382 5
371 2355 497 2382 sortitus
523 2354 599 2382 fehlt
620 2353 644 2381 Β
675 2368 714 2372 -
735 2351 827 2388 33,1
853 2352 989 2383 Christus
1012 2355 1042 2383 G.
1064 2369 1104 2373 —
1124 2351 1209 2388 31),1
1232 2355 1343 2383 Vectus
1360 2353 1431 2381 hinc
1445 2353 1476 2381 C.
1489 2367 1530 2372 --

181 2390 236 2427 4a,
257 2391 274 2420 6
296 2393 463 2429 spiritualis
486 2396 532 2421 est
553 2392 640 2430 eopia
662 2393 694 2420 Β
723 2408 761 2412 -
790 2393 844 2427 71),
866 2391 884 2420 2
905 2395 1076 2422 sanctitatis
1096 2393 1158 2422 AB.
1185 2408 1222 2412 —
1255 2392 1308 2426 71),
1332 2391 1350 2420 2
1370 2401 1430 2429 ang
1432 2392 1471 2420 eli
1490 2394 1527 2427 133

180 2432 351 2504 ffisiolggbo
381 2433 415 2467 Β,
451 2433 659 2461 consolatione
693 2433 729 2460 A.
760 2448 799 2452 ——
831 2430 857 2467 9,
881 2430 898 2459 2
934 2435 1005 2461 sunt
1030 2434 1062 2461 G.
1101 2447 1134 2451 —
1170 2433 1346 2470 Vg1.Aeta
1379 2431 1432 2460 SS.
1465 2432 1529 2460 Oct.
