1656 2690
685 113 949 148 -242—

150 208 217 242 llb⁷
233 207 246 236 1
270 218 313 246 sq.
336 212 368 236 te
387 217 503 245 semper
525 212 555 236 et
567 209 632 237 AD.
651 223 691 227 ——-
712 208 755 243 12,
770 208 784 237 1
803 209 987 245 Regnantem
1004 211 1036 238 iu
1050 213 1079 238 ‘te
1094 210 1130 238 D.
1151 224 1189 228 —
1215 206 1249 236 In
1263 207 1321 233 den
1334 203 1480 232 Analeota

146 249 303 284 Liturgica
330 247 365 281 (1,
385 256 412 283 p.
443 246 510 280 160)
535 248 577 274 ist
601 248 752 276 bemerkt:
788 246 990 283 „L'obscurite
1012 249 1048 276 de
1069 258 1100 277 ee
1122 254 1260 276 morceau
1281 246 1334 277 est,
1355 250 1408 278 par
1430 249 1480 267 en-

147 286 249 320 droi‘ts,
270 294 396 322 presque
418 282 668 322 impenetrab1e;“
697 286 755 322 gilt
775 287 827 314 das
848 295 915 314 vom
936 286 1011 314 Text
1032 287 1084 315 der
1105 286 1238 320 Quellen,
1261 291 1293 310 so
1314 281 1392 309 noch
1412 279 1483 305 weit

146 324 230 353 mehr
256 326 289 351 in
314 323 407 360 Folge
427 325 508 352 einer
528 332 604 361 ganz
625 324 882 360 unbegrciflichen
906 325 1136 361 Interpunktion
1161 331 1218 351 von
1234 321 1357 355 jeuem
1377 319 1480 349 Texte,

146 363 203 391 den
223 363 448 391 Misset-VVeale
469 362 613 390 ebendort
631 363 780 398 vor-legen.

552 465 617 497 277.
649 464 684 496 In
705 473 729 497 s.
749 463 842 497 Patri
864 464 905 496 atl
923 463 1068 497 Vincula.

852 535 913 568 lb.
939 534 1101 567 Zebedaei
1125 535 1236 565 natum
1260 532 1377 563 stravit

941 582 1184 623 Subsequenter
1210 591 1248 613 ac
1274 580 1422 619 tentavit,

989 631 1036 665 Ut
1062 635 1094 663 ct
1118 630 1250 663 Petrum
1277 630 1419 669 caperet.

159 536 176 569 1
190 545 219 568 a.
246 535 311 568 Per
337 543 482 567 errorem
507 535 623 568 ductus
649 544 765 567 vanum

245 584 338 616 Misit
363 592 421 615 rex
444 583 594 616 Herodes
619 592 757 627 manum,

293 632 341 666 Ut
366 632 521 672 quosdam
548 630 727 674 affligeret3

852 710 911 743 ab.
939 708 1059 749 Quibus
1086 707 1166 741 talia
1188 706 1372 749 placebant,

939 757 1019 796 Quia
1046 756 1133 788 caeci
1158 756 1203 788 nil
1230 755 1385 788 videbant

985 805 1108 838 Rectae
1137 804 1254 836 mentis
1281 803 1386 837 oculo.

157 712 216 743 2a.
246 709 440 750 Azymorum
469 711 562 741 erant
586 710 664 752 dies,

242 758 307 790 Per
333 766 411 799 quos
438 766 521 790 vana
546 758 642 790 datur
668 758 758 797 quies

293 806 485 839 Iudaeorum
511 806 652 849 popu103

851 884 911 917 3b.
939 882 986 917 Ut
1009 886 1085 923 post
1109 882 1229 921 pascha
1256 881 1429 912 duceretur

158 886 219 918 3a.
248 882 499 916 commendatur
524 883 704 915 vinculatus

153 1059 218 1091 4a.

153 1232 216 1264 5a.

155 1405 216 1437 oa.

152 1579 210 1610 7a.

151 1752 212 1786 82..

151 1927 211 1961 9a,

242 931 316 971 His,
347 931 401 971 qui
428 931 559 972 cingunt
584 939 659 963 ense
684 931 779 972 latus,

289 980 346 1012 Bis
370 981 441 1011 octo
466 978 634 1020 militibus,

246 1057 313 1100 Qui,
344 1056 419 1089 dum
439 1059 525 1089 esset
541 1056 780 1098 producendus,

242 1104 361 1137 Fretus
386 1103 462 1146 fide,
489 1113 548 1144 spe
574 1105 738 1146 colendus,

289 1152 448 1185 visitatur
473 1153 626 1191 caelitum

243 1231 307 1263 Per
332 1232 470 1270 legatum
499 1230 595 1262 valde
620 1231 760 1271 dignum,

239 1278 331 1311 Sicut
355 1279 462 1310 notuit
487 1287 546 1319 per
571 1279 706 1319 siguum,

286 1327 371 1359 Dum
402 1330 516 1359 catena
540 1328 712 1367 rumpitur,

243 1404 296 1436 Ad
321 1406 486 1443 aspectum
513 1403 595 1434 tanti
621 1403 682 1436 viri

240 1451 381 1491 Propter
404 1451 581 1484 novitatem
606 1451 681 1484 miri

289 1500 397 1540 Putat,
425 1500 511 1540 quod
537 1499 578 1530 sit
605 1499 702 1540 visio;

238 1577 322 1609 Nam
334 1578 409 1610 dum
420 1577 538 1609 transit
545 1586 605 1618 per
615 1577 774 1616 custodes,

240 1625 326 1665 Quos
353 1627 512 1658 statuerat
537 1625 687 1658 Herodes

286 1673 376 1706 Petri
401 1672 497 1715 fugae
522 1674 665 1714 timidus7

238 1751 357 1783 Petrus
383 1754 433 1783 est
456 1752 500 1784 ad
524 1760 561 1783 se
582 1760 743 1792 reversus,

237 1800 275 1832 In
302 1802 434 1841 stupore
460 1800 565 1840 primo
591 1808 715 1832 mersus

284 1848 331 1880 Et
354 1848 519 1881 laudando
544 1848 716 1880 Dominum

238 1926 302 1958 Per
329 1927 495 1959 ductorem
519 1925 599 1957 mihi
626 1926 736 1958 datum

235 1974 292 2006 Me
319 1983 474 2014 cognosco
499 1974 672 2006 liberatum

284 2022 403 2055 Divino
428 2023 584 2055 miraculo

143 2101 187 2133 10
199 2109 228 2132 a.
238 2099 336 2143 Ergo,
366 2100 509 2141 claviger
535 2100 705 2141 caelorum,

147 2446 228 2468 saec.
253 2435 296 2465 14.
339 2436 408 2465 eod.
432 2435 589 2464 OEvitaten.
609 2435 748 2464 LXXIX.
767 2436 805 2465 D.

237 2147 334 2180 Solve
361 2148 468 2180 vincla
492 2151 712 2190 peccatorum,

238 2196 286 2229 Ut
311 2197 352 2229 de
377 2200 466 2228 sorte
490 2196 660 2229 beatorum

288 2245 475 2277 Mereamur
498 2242 593 2288 effici,

853 1057 915 1090 410.

849 1230 909 1263 5b.

845 1403 905 1438 6b.

849 1578 908 1611 7b.

844 1752 908 1786 8b.

848 1927 907 1960 9b.

936 930 982 964 Et
1006 941 1026 963 a
1050 931 1145 970 vulgo
1172 932 1381 970 quaereretur

983 979 1034 1011 De
1059 979 1125 1011 suis
1150 977 1312 1017 operibus,

943 1055 1048 1089 Nocte
1074 1063 1186 1087 carcer
1209 1054 1402 1094 illustratur,

936 1104 1107 1144 Captivato
1131 1104 1347 1144 praeparatur

984 1151 1207 1184 Admirandus
1234 1150 1349 1183 exitus

936 1229 1109 1263 Excitatur
1134 1238 1153 1260 a
1178 1236 1294 1268 sopore

934 1278 978 1311 Et
1003 1277 1132 1310 sublata
1156 1285 1262 1317 poena
1286 1285 1396 1308 morae

983 1326 1037 1358 Ad
1064 1326 1128 1358 iter
1153 1324 1386 1365 praecingitur.

934 1403 998 1437 Sed
1025 1405 1190 1443 resumpto
1215 1405 1303 1435 statu
1329 1401 1446 1434 mentis

932 1453 996 1485 Per
1020 1451 1167 1484 adfatum
1193 1450 1402 1483 conducentis

983 1499 1096 1532 Cessat
1120 1499 1202 1531 haec
1226 1499 1346 1541 opinio.

935 1577 1031 1611 Ultro
1059 1579 1169 1610 clausa
1194 1580 1290 1618 porta
1315 1580 1424 1618 patct3

936 1627 973 1659 In
1002 1626 1167 1658 miraculis
1193 1636 1255 1659 non
1283 1626 1374 1669 latet,

985 1674 1077 1713 Quod
1104 1674 1148 1706 sit
1171 1674 1235 1707 Dei
1260 1675 1402 1709 nuntius,

935 1752 1046 1785 Dixit:
1075 1754 1161 1785 Vere
1185 1753 1266 1793 scio,
1297 1753 1373 1793 quia

935 1800 1019 1833 Mihi
1045 1803 1137 1841 patet
1157 1803 1229 1833 tuta
1255 1801 1319 1842 via,

982 1849 1092 1881 Metus
1114 1849 1213 1881 habet
1237 1850 1420 1882 terminum.

934 1926 987 1959 Ab
1014 1927 1148 1960 Herode
1173 1929 1204 1958 et
1230 1927 1372 1969 Iudaeis,

935 1975 1201 2008 Persecutoribus
1226 1975 1327 2016 meis3

983 2022 1060 2054 Sum
1086 2024 1156 2056 sine
1181 2024 1338 2064 periculo.

840 2099 883 2132 10
893 2099 925 2132 b.
938 2101 1014 2134 Post
1043 2104 1178 2133 catenas
1205 2102 1298 2135 huius
1322 2103 1411 2136 vitae

935 2149 1070 2182 Invitati
1098 2158 1158 2190 per
1186 2150 1303 2184 Venite

936 2197 999 2230 mo
1026 2199 1115 2230 dulci
1142 2208 1226 2239 pane
1250 2199 1339 2231 vitae

986 2247 1159 2279 Valeamus
1189 2246 1290 2279 refici.

232 2321 320 2356 Trop.
347 2321 377 2348 et
389 2318 528 2355 Sequens.
549 2328 603 2347 ms.
620 2319 802 2349 Civitatense
816 2328 892 2349 saec.
910 2320 954 2350 14.
980 2321 1050 2349 Cod.
1068 2322 1227 2350 Civitaten.
1241 2324 1312 2352 LVI
1326 2322 1386 2359 (20)
1398 2326 1433 2353 A.
1450 2342 1487 2346 —

160 2361 245 2388 Miss.
265 2367 320 2386 ms.
342 2358 526 2386 Civitatem*
546 2366 623 2386 saec.
645 2356 690 2386 14.
732 2359 804 2387 Coti.
825 2359 983 2389 civitaten.
1003 2360 1119 2389 LXXX
1137 2359 1243 2397 (13)13.
1264 2377 1302 2382 —
1323 2363 1412 2392 Grad.
1434 2373 1489 2393 ms.

132 2420 135 2426 .
156 2399 340 2427 civitatense
361 2405 437 2426 saec.
462 2395 504 2425 14.
528 2398 567 2424 in.
596 2397 666 2426 Cod.
689 2396 850 2426 Civitaten.
871 2399 981 2427 LVIII.
1006 2398 1037 2427 C.
1058 2415 1094 2419 —
1117 2399 1204 2427 Grad.
1226 2411 1279 2429 ms.
1303 2402 1489 2432 civitatense
