1656 2690
662 112 927 150 —268-

584 207 654 244 309.
685 207 728 239 De
748 209 858 240 sancto
880 209 1005 240 Thema.

140 281 199 315 la.
226 280 370 321 Fideles,
395 279 565 318 concinite,
837 280 895 315 lb.
922 281 1088 322 Thomam,
1116 290 1209 322 quem
1235 280 1414 323 paraclitus

226 328 400 361 Patronum
428 327 594 369 acquirite,
922 329 1065 362 Edocuit
1089 330 1233 375 spiritus,

274 376 351 409 Veri
376 377 453 408 solis
479 376 618 418 radium,
969 378 1091 410 Verum
1113 378 1223 410 lumen
1249 376 1404 409 cordium.

138 445 198 479 22.
221 442 306 475 Dum
333 443 466 475 credere
494 443 633 484 distulit,
835 443 894 477 2b.
923 444 964 477 Se
989 445 1186 485 palpandum
1214 445 1342 487 obtulit,

228 490 373 524 Christus
400 492 429 523 ei
456 491 594 524 contulit
921 492 1020 526 Unde
1045 493 1137 525 nobis
1164 493 1277 525 attulit

272 539 377 572 Dulce
400 538 626 581 refrigerium3
969 539 1067 572 Fidei
1090 541 1257 575 solacium.

138 609 158 640 3
173 616 201 641 a.
229 608 359 647 Fugans
384 607 572 640 idolatriam
835 607 894 641 3b.
922 608 960 640 In
986 607 1083 640 turba
1107 608 1274 647 gentilium

223 655 394 687 Adunavit
417 655 543 688 Indiam
923 656 1057 688 Praesul
1082 654 1263 688 infidelium

272 703 416 736 Numero
440 702 596 744 fidelium,
970 704 1115 737 Peremit
1138 703 1315 737 innoxium.

137 772 197 804 4a.
224 771 366 804 Unctum
387 770 584 803 aromatibus
832 771 893 804 4b.
921 771 975 804 Sic
999 771 1180 812 triumphat
1203 771 1355 804 Didimus

225 818 349 859 Corpus
375 829 395 851 a
421 819 627 852 credentibus
919 819 1070 862 Thomas,
1093 819 1144 853 vir
1169 820 1403 861 sanctissimus,

274 867 437 908 Sepelitur
463 867 616 900 saucium.
968 867 1133 908 Linquens
1158 868 1246 900 orbis
1274 867 1412 900 devium.

137 936 198 967 5a.
225 935 337 978 Huius,
369 932 507 973 Christe,
535 934 686 973 precibus
834 934 893 969 5b.
920 935 966 968 Ut
989 943 1050 974 per
1075 935 1145 967 eius
1170 935 1320 967 meritum

226 982 276 1014 Da
301 983 365 1014 tuis
390 981 591 1022 supplicibus
920 982 1106 1014 Habeamus
1133 983 1306 1014 transitum

272 1030 406 1062 Sacrum
431 1030 661 1070 septenarium,
972 1030 1027 1062 Ad
1052 1038 1197 1071 perenne
1220 1030 1383 1071 gaudium.

203 1096 292 1124 Grati.
313 1104 368 1124 ms.
391 1096 570 1124 Mosaetraie
581 1097 685 1124 :tinum
705 1104 782 1123 saec.
806 1093 850 1122 15.
889 1095 959 1125 Cod.
979 1096 1096 1133 Hagen.
1118 1096 1139 1124 J
1159 1094 1186 1124 8.
1208 1112 1246 1116 —
1265 1097 1349 1124 Mel.:
1369 1098 1467 1125 Veni

126 1137 259 1162 sancte
281 1136 458 1171 spiritus.

592 1238 655 1271 310.
686 1237 731 1270 De
751 1239 858 1270 sancto
879 1239 1004 1271 Thoma.

135 1311 195 1344 la.
223 1309 347 1353 Gaude,
374 1309 456 1343 fides
484 1310 670 1352 christiana,
837 1309 896 1344 1b.
923 1310 982 1350 Qui
1007 1311 1142 1343 multum
1168 1311 1230 1343 tibi
1254 1309 1389 1352 profuit,

220 1359 359 1391 Thomas
385 1361 459 1391 tuus
484 1359 642 1391 hodierna
920 1358 1005 1390 Dum
1031 1359 1078 1390 sic
1100 1359 1263 1400 tangendo
1291 1359 1432 1392 credidit

271 1407 358 1439 Luce
383 1408 496 1446 prodit
521 1407 665 1446 caelitus,
966 1405 1150 1439 Instructus
1178 1407 1343 1440 divinitus.

135 1466 195 1499 2a.
222 1463 286 1496 Hic
311 1474 331 1496 a
357 1463 486 1496 Christo
511 1463 573 1495 iam
602 1464 723 1496 electus
833 1463 892 1498 2b.
921 1463 1042 1496 Christi
1066 1463 1185 1505 flagrat
1208 1465 1258 1497 sic
1282 1474 1403 1507 amore,

221 1511 346 1552 Dignus
371 1512 469 1551 plane
495 1513 544 1544 est
569 1511 699 1544 effectus
918 1512 966 1545 Ut
989 1513 1072 1544 mori
1098 1522 1170 1545 cum
1196 1514 1360 1546 salvatore

269 1559 369 1592 Coetu
394 1559 583 1601 apostolico,
963 1559 1108 1601 Exoptet
1136 1561 1284 1595 mirifico.

134 1619 153 1652 3
164 1628 192 1651 a.
220 1617 245 1650 Ο
260 1627 355 1658 quam
368 1617 497 1662 ardens,
511 1626 606 1658 quam
617 1618 761 1658 devotus,
831 1616 891 1650 3b.
919 1618 1054 1658 Quando
1068 1619 1226 1661 Christus,
1242 1619 1315 1652 fons
1325 1621 1462 1660 amoris,

223 1665 324 1705 Quam
352 1666 460 1698 divino
486 1666 616 1698 fervens
641 1668 727 1698 totus
919 1666 1041 1699 Vulnus
1068 1667 1169 1700 divini
1195 1668 1338 1709 pectoris

272 1714 396 1754 Spiritu
424 1714 623 1755 constiterat,
964 1714 1068 1756 Tangi
1093 1715 1141 1748 sic
1165 1716 1386 1757 praestiterat.

134 1774 196 1807 48..
226 1771 310 1804 Hinc
335 1772 376 1804 ad
404 1772 503 1805 Indos
529 1771 733 1812 profecturus
828 1770 887 1804 4b.
914 1772 1048 1804 Morbos
1075 1774 1168 1814 fugat
1191 1776 1306 1807 sancta
1330 1783 1440 1816 prece,

220 1819 281 1852 Dei
306 1820 406 1853 verbo
429 1819 467 1852 fit
491 1829 623 1853 securus
917 1819 1065 1860 Spiritali
1090 1830 1239 1862 pressam
1263 1831 1344 1855 nece

266 1868 317 1900 De
341 1868 451 1910 palma
475 1869 646 1909 victoriae;
966 1867 1104 1901 Gentem
1129 1870 1219 1903 levat
1242 1871 1369 1904 Indiae.

135 1928 195 1960 5a.
222 1925 309 1958 Dum
334 1927 382 1959 sic
407 1927 547 1959 Thomas
574 1926 722 1961 elaborat
830 1925 888 1960 5b.
916 1925 1025 1967 Surgit
1054 1927 1154 1960 Satan
1176 1928 1210 1960 in
1238 1930 1403 1964 doctorem

218 1974 352 2007 Plebem
378 1984 469 2007 suum
496 1977 529 2007 et
554 1977 689 2008 exornat
915 1974 1076 2007 Excitatis
1102 1977 1137 2008 in
1161 1979 1327 2017 pastorem

267 2022 422 2056 Omnibus
447 2023 632 2066 virtutibus,
962 2022 1077 2056 Multis
1102 2023 1302 2060 infidelibus

131 2082 191 2115 6a.
217 2080 375 2114 Fremunt
397 2081 490 2122 impii
514 2083 549 2112 ut
574 2080 674 2120 ferae,
829 2080 887 2114 6b.
916 2080 980 2113 Sed
1006 2082 1161 2123 magister
1186 2085 1333 2117 veritatis

218 2129 426 2162 Innocentem
451 2129 618 2162 tradidere
917 2129 1029 2162 Virum
1055 2133 1166 2163 tantae
1190 2133 1323 2173 piet-atis

267 2177 424 2210 Fornacis
449 2178 618 2218 incendi0;
963 2177 1075 2211 Salvat
1100 2189 1120 2213 a
1144 2181 1316 2221 supplicio.

132 2237 191 2270 7a.
219 2234 273 2267 Sic
296 2236 469 2268 multorum
494 2235 560 2268 iam
585 2236 691 2267 salute
831 2235 889 2269 7b.
917 2237 975 2269 Pie
1001 2237 1116 2270 doctor
1140 2239 1274 2280 optime,

216 2284 398 2317 Procurata
423 2292 494 2316 cum
519 2283 642 2316 virtute
914 2285 1049 2326 Thoma‚
1077 2289 1131 2319 tuo
1155 2288 1343 2326 precamine

218 2332 314 2365 Caelo
339 2333 480 2374 scandis,
506 2332 556 2364 vir
580 2333 710 2375 inclute,
917 2332 1055 2366 Caelesti
1083 2335 1168 2367 dona
1191 2336 1314 2369 Jumine

267 2382 447 2416 Coronatus
472 2381 592 2423 gladio.
963 2381 1031 2414 Nos
1058 2381 1123 2415 frui
1150 2392 1221 2416 cum
1247 2387 1377 2427 gaudio.

197 2439 282 2468 Miss.
303 2437 547 2467 Praedicatorum
567 2439 638 2475 imp.
660 2438 796 2466 Venetiis
821 2435 902 2465 1523.
