1656 2690
709 122 969 158 —223—

183 216 247 248 4a.
274 215 435 250 Mundum
463 217 557 250 docet
881 221 942 255 4b.
967 221 1127 254 Primario

318 274 379 305 per
403 267 615 307 evangelium,
1018 270 1072 302 hic
1094 269 1280 301 animalium

271 313 323 346 Ab
349 313 497 347 humanis
971 318 1035 350 Per
1058 318 1239 358 prophetae

320 362 459 403 sumpsit
484 363 663 405 exordium,
1018 375 1145 399 sacrum
1169 365 1375 407 praesagium

270 410 378 442 Iesum
403 411 514 443 dicens
971 413 1142 456 Singulare

318 458 445 492 Mariae
469 458 582 501 filium,
1018 463 1059 495 ob
1084 462 1290 503 privilegium

367 507 437 547 Quo
462 508 618 543 salvatur.
1066 511 1292 551 Comparatur.

182 576 242 608 53.
269 574 394 607 Doctor
419 574 481 607 fuit
882 578 943 611 5b.
971 576 1149 611 Suscitavit

317 623 491 656 multarum
517 624 670 666 gentium,
1019 629 1051 658 et
1075 629 1187 658 natum
1212 625 1335 666 regium

270 671 343 704 Rex
365 671 528 713 Eglippus
970 673 1088 706 Natam
1113 674 1247 706 trahens

316 719 359 751 ad
386 720 468 752 caeli
491 720 638 753 bravium
1018 722 1060 755 ad
1080 722 1202 755 Christi
1225 721 1392 762 gremium,

266 767 349 799 Eius
375 768 535 800 scandens
969 769 1115 802 Tandem
1141 773 1214 802 orat

317 824 379 856 per
403 815 624 856 magisterium
1019 822 1051 849 et
1075 826 1136 857 per
1161 818 1352 858 martyrium

364 864 566 905 Baptizatur
1066 865 1256 898 Coronatur.

244 930 331 959 Miss.
353 939 407 958 ms.
429 929 652 959 Salernitanum
673 932 745 959 anni
766 928 851 960 1431.
893 931 964 960 eod.
990 931 1087 969 Capit.
1113 931 1228 960 Salem.
1254 939 1277 959 s.
1298 940 1327 959 n.
1354 946 1391 951 —-
1418 930 1470 966 4a,
1491 930 1509 958 7

169 968 263 1004 Quod.
284 983 321 988 --
342 969 489 998 Melodie:
511 970 711 998 Nativitas
732 970 879 998 Mariae
899 970 1085 1006 Virginis.

604 1083 670 1115 256.
701 1083 745 1115 De
766 1084 875 1115 saneto
897 1084 1072 1116 Matthaeo.

180 1166 196 1198 1
211 1174 241 1199 a.
269 1166 351 1207 Ave,
380 1166 522 1198 clemens
548 1167 705 1206 apostole,
879 1166 939 1200 11).
964 1166 1046 1208 Ave,
1074 1166 1188 1199 doctor
1213 1167 1319 1199 almae
1342 1165 1487 1210 scholae,

268 1213 363 1246 Serto
389 1213 518 1255 fulgens
545 1215 696 1247 aureolae
967 1214 1037 1247 Fac
1061 1224 1120 1248 nos
1147 1218 1252 1248 motus
1278 1214 1453 1248 malivolae

317 1262 425 1295 Mirae
450 1263 715 1303 pulchritudinis.
1017 1263 1153 1297 Calcare
1179 1264 1351 1305 cupidinis.

180 1331 241 1363 23.
270 1330 361 1362 Duos
387 1340 498 1371 magos
524 1331 687 1372 superasti
879 1331 938 1363 2b.
967 1330 1020 1363 Ab
1047 1340 1157 1364 eorum
1182 1331 1331 1365 liberasti

313 1378 461 1412 Imbutos
487 1379 622 1419 malitia,

177 1448 239 1480 33.
266 1446 446 1487 Aethiopes
474 1447 623 1487 docuisti,

264 1496 447 1536 Aegyptios
475 1496 664 1529 convertisti

311 1543 540 1577 Praedicando
565 1544 702 1586 iugiter3

174 1614 239 1646 4a.
266 1611 368 1651 Quam
394 1621 504 1645 sacras
528 1612 699 1656 velamine,

266 1660 361 1693 Novo
385 1661 421 1693 in
445 1661 603 1702 regimine

311 1709 410 1743 Ponis
434 1709 652 1751 Ephigeniam
663 1719 671 1753 3

174 1781 237 1812 5a.
263 1777 354 1810 Ense
379 1778 469 1810 cuius

311 1827 435 1860 orando
462 1826 620 1868 cecidisti,

173 1896 191 1929 6
204 1904 233 1929 a.
261 1895 367 1928 Tuum
391 1895 585 1936 martyrium

262 1944 372 1978 Donet
395 1944 599 1987 praesidium

311 1993 443 2027 Nostris
471 1993 657 2035 doloribus3

1013 1380 1156 1421 Populos
1182 1378 1324 1413 fallacia.

877 1447 937 1481 3b.
964 1447 1063 1488 Regis
1089 1450 1197 1480 natam
1226 1449 1406 1491 suscitasti,

963 1495 1084 1538 Regem
1111 1496 1241 1529 doctum
1268 1497 1442 1539 baptizasti

1010 1545 1056 1577 Et
1083 1546 1269 1578 credentem
1297 1545 1444 1580 firmiter.

874 1612 934 1646 4b.
965 1612 1057 1645 Hanc
1082 1622 1141 1646 rex
1167 1613 1281 1655 plenus
1307 1614 1430 1646 scelere

965 1660 1108 1702 Cupiens
1134 1670 1343 1703 corrumpere

1013 1709 1103 1743 Petit
1127 1710 1191 1743 sibi
1217 1711 1348 1745 sociam.

877 1777 940 1811 5b.
965 1778 1022 1810 Ad
1046 1778 1210 1811 caelorum

1014 1826 1134 1868 gaudia
1159 1827 1306 1861 evolasti.

874 1895 934 1929 61).
962 1895 1033 1927 Tua
1057 1896 1203 1937 precatio

967 1945 1113 1985 Purgans
1139 1954 1198 1977 nos
1226 1945 1303 1978 vitio

1013 1994 1132 2033 Iungat
1157 1993 1364 2030 caelestibus.

241 2061 330 2089 Grad.
359 2070 414 2090 ms.
435 2061 612 2099 'fungi-ense
636 2070 714 2090 saec.
743 2059 788 2089 15.
831 2059 901 2088 Cod.
930 2061 1079 2097 Tungren.
1106 2060 1189 2089 V111.
1209 2060 1247 2088 A.
1276 2076 1312 2082 —
1337 2062 1423 2090 Miss.
1452 2070 1507 2090 ms.

161 2100 349 2129 Belisianum
371 2109 448 2129 saec.
474 2098 518 2128 15.
563 2099 634 2129 Cod.
654 2101 825 2129 Bruxellen.
846 2097 936 2128 9786-
942 2097 1010 2127 -90,
1030 2100 1065 2128 Β.
1088 2114 1125 2118 -
1148 2098 1196 2135 13,
1221 2097 1239 2126 2
1260 2099 1370 2129 Sancte
1388 2101 1506 2138 fulgens

157 2140 194 2168 B.
221 2155 261 2159 —
288 2138 341 2174 212,
364 2137 382 2166 2
401 2140 551 2177 Populum
570 2139 605 2168 B.
631 2156 670 2160 —
696 2136 751 2174 3a,
773 2138 791 2167 2
812 2138 855 2168 Et
873 2139 1006 2175 Aethiop
1008 2140 1054 2167 ios
1073 2138 1108 2166 B.
1134 2154 1172 2158 —
1197 2136 1247 2174 33,
1263 2136 1281 2167 3
1301 2140 1506 2169 Praedicando

158 2179 235 2208 fehlt
257 2179 293 2207 B.
320 2194 360 2199 -
385 2177 439 2214 4a‚
463 2177 476 2206 1
505 2187 591 2208 sacro
612 2179 647 2207 Β
674 2193 712 2198 -
741 2177 794 2214 43,
813 2177 832 2206 2
854 2179 972 2207 Novam
992 2178 1027 2206 B.
1053 2193 1091 2198 —-
1119 2176 1173 2214 5b,
1196 2176 1274 2206 1Et
1300 2178 1390 2207 adB.

598 2283 666 2315 257.
699 2282 744 2316 De
763 2283 873 2315 sancto
897 2282 1069 2315 Matthaeo.

169 2357 187 2391 1
203 2366 232 2391 a.
261 2357 354 2391 Nova
381 2358 451 2391 dies
479 2360 529 2390 est
554 2357 665 2398 allata,

258 2406 349 2445 Quae
370 2415 490 2440 aurora
515 2407 579 2447 piis
605 2406 684 2438 data

308 2454 392 2488 Tota
418 2456 508 2489 clara
533 2455 696 2498 redditur,

873 2355 932 2390 11).
959 2355 1044 2388 Nam
1070 2354 1269 2398 Matthaeus,
1290 2358 1341 2391 vir
1357 2355 1504 2398 insignis,

960 2405 1000 2437 In
1025 2404 1088 2437 hac
1113 2405 1168 2438 die
1193 2414 1265 2438 cum
1290 2406 1456 2438 immensis

1009 2452 1179 2487 Laudibus
1207 2455 1387 2496 extollitur,
