1656 2690
170 341 230 375 ia.

171 469 231 500 2a.

170 642 231 675 aa.

171 912 233 945 4a.

173 1135 233 1166 5a.

173 1356 234 1389 6a.

173 1625 231 1658 7a.

173 1849 231 1881 Sa.

171 2072 231 2103 9a.

696 138 734 143 —
780 118 860 154 108
913 139 957 143 —

612 248 670 281 116.
702 249 746 281 De
767 250 877 284 sancto
897 250 1034 283 Audi-ea.

258 340 469 373 Exsultantes
496 339 701 372 concinamus

305 387 461 421 Triformi
487 389 671 429 concordia,

260 465 325 498 Hic
350 465 454 497 virilis
480 469 694 505 nuncupatus,

256 514 400 557 Piscem,
420 514 555 546 hamans
575 517 623 546 est
637 514 797 554 hamatus,

307 564 429 603 Captus
454 564 550 596 hamo
576 563 711 603 gratiae.

257 640 314 673 Fit
338 640 483 682 piscator

258 689 370 721 Novus
396 692 518 732 pastor,

259 737 403 778 Sequens
428 746 536 778 regem

258 785 390 826 Quaerit
415 794 554 826 gregem,

307 834 405 873 Quem
433 835 593 866 errantem
621 833 747 867 didicit.

260 911 330 943 Lex
353 910 457 943 invito
482 909 687 954 suffragatur,

258 959 382 991 Lumen
409 968 504 991 caeco
530 962 711 1001 reparatur,

258 1008 308 1039 Ac
335 1007 375 1041 de
399 1010 504 1039 morte
528 1007 703 1039 suscitatur

307 1056 412 1088 Natus
436 1064 475 1088 ex
500 1055 677 1088 Demetrio.

260 1133 425 1166 Mirantur
450 1133 535 1165 hunc
560 1131 764 1173 Byzantium,

306 1181 462 1225 Philippi,
486 1181 688 1224 Nicomedia,

258 1229 363 1268 Mare,
390 1229 477 1271 litus,
502 1229 676 1269 navigium,

307 1278 516 1318 Macedones,
543 1277 684 1317 Achaia3

261 1355 345 1387 Dum
371 1355 564 1387 Marmedon
582 1362 660 1394 gens
677 1361 798 1386 vesana

308 1403 426 1435 Servos
444 1402 506 1434 Dei
532 1401 639 1433 cibum
659 1402 795 1442 quaerit,

261 1451 390 1484 Christo
416 1455 494 1482 nata
518 1449 571 1481 via
595 1450 695 1489 plana

308 1498 489 1531 Moriturus
514 1498 612 1529 vitam
640 1497 726 1539 gerit

356 1546 533 1580 Custodum
555 1546 665 1580 exitio.

258 1625 339 1657 Duri
365 1628 471 1664 gente,

258 1673 340 1705 Duri
366 1675 473 1704 mente

258 1721 349 1753 Dure
375 1721 574 1761 castigantur

305 1770 428 1802 Eorum
451 1769 606 1810 nequitia.

260 1847 386 1887 Patras,
412 1846 485 1879 finis
511 1847 677 1888 victoriae,

257 1896 358 1928 Parat
383 1904 531 1928 coronam
559 1895 691 1935 gloriae,

305 1944 391 1977 Dum
407 1944 510 1983 docet,
522 1944 597 1975 dum
605 1942 797 1984 recluditur,

306 1992 389 2025 Dum
418 1993 506 2024 cruci
529 1992 656 2023 vinctus
674 1990 793 2030 figitur.

260 2069 372 2102 Crucis
398 2068 580 2109 triumphus
604 2068 780 2112 quaeritur7

256 2117 329 2149 Nec
350 2126 385 2149 se
412 2117 530 2157 deponi
555 2117 688 2160 patitur,
774 2117 780 2122 “

258 2165 323 2198 Sed
349 2165 416 2198 vita
439 2166 473 2196 in
498 2166 560 2197 hac
582 2165 733 2197 redditur

305 2213 456 2254 Magistri
481 2222 540 2254 per
565 2214 729 2253 mysteria.

867 340 926 375 1b.

867 465 928 500 2b.

869 639 928 674 3b.

867 909 929 943 41³.

865 1131 924 1165 5b.

865 1353 924 1387 6b.

867 1623 925 1658 7b.

866 1846 924 1879 8b.

862 2067 922 2102 9b.

953 341 1074 374 Plausu
1099 343 1229 380 mentiS,
1256 342 1334 383 oris,
1359 340 1450 372 vocis

1000 391 1154 423 Andreae
1179 390 1365 433 praeconia.

955 466 1040 499 Nam
1068 467 1142 499 dum
1169 469 1240 499 rete
1267 466 1456 506 ducebatur,

954 515 1064 547 Pisces
1089 516 1222 548 trahens
1248 515 1440 547 trahebatur

1001 563 1055 595 Ad
1084 563 1265 595 doctrinam
1291 562 1424 603 gloriae.

955 640 1020 672 Hic
1045 649 1109 673 non
1133 640 1236 673 iustus

953 688 1075 721 Factus
1101 689 1205 721 iustus

953 736 1078 769 Reddit
1100 746 1207 779 sanos,

955 785 1040 824 Quos
1065 794 1130 817 non
1156 794 1251 818 sanos

1000 834 1213 866 Resanandos
1240 834 1409 874 conspicit.

955 910 1074 943 Matris
1098 911 1205 950 pudor
1229 910 1395 954 incitatur,

953 958 1074 991 Christi
1099 957 1181 991 fides
1204 962 1443 1001 augmentatur,

953 1006 1024 1039 Stat
1047 1006 1082 1038 in
1109 1015 1198 1041 cena.
1226 1006 1423 1039 reformatur

1000 1055 1127 1095 Fugato
1156 1056 1335 1089 daemonio,

951 1133 995 1165 Et
1019 1131 1159 1164 confines
1185 1132 1389 1165 admirantur

1001 1181 1119 1220 Aegris
1146 1181 1250 1213 salute
1275 1181 1417 1221 reddita,

953 1228 1105 1261 Gaudent
1131 1228 1248 1271 cuncti,
1275 1229 1456 1269 gloriantur

1001 1276 1078 1308 Vita
1104 1276 1266 1309 defunctis
1292 1277 1464 1317 praestita.

950 1354 1036 1387 Dum
1062 1354 1221 1393 dissolvit,
1246 1354 1301 1386 hic
1324 1355 1446 1396 ligatur

1000 1403 1166 1436 Catenatis
1192 1402 1395 1445 substitutuS,

953 1450 1091 1482 Poenam
1113 1451 1244 1482 demens
1258 1459 1383 1491 poenae
1398 1451 1495 1484 datur

1002 1499 1131 1539 Volens,
1156 1499 1191 1531 in
1217 1508 1319 1540 agone
1342 1502 1431 1532 tutus

1051 1547 1172 1579 Christi
1196 1547 1388 1582 ministerio.

952 1625 1040 1657 Mira
1062 1633 1177 1669 poena,

951 1673 1039 1705 Mira
1066 1682 1156 1714 vena,

950 1721 1038 1753 Mire
1062 1720 1261 1754 suffocantur

1000 1770 1119 1811 Spreta
1144 1769 1210 1803 Dei
1235 1771 1352 1810 gratia.

952 1846 1036 1879 Nam
1062 1848 1210 1886 pendens
1236 1847 1299 1879 Dei
1324 1848 1456 1881 nuntius

951 1895 1079 1927 Turbas
1107 1896 1203 1928 docet
1225 1895 1418 1938 instantius3

998 1943 1493 1987 Rogantomnesproconsulem,

999 1991 1046 2024 Ut
1070 1992 1190 2024 reddat
1216 1993 1262 2024 eis
1288 1994 1484 2033 praesulem.

951 2068 1076 2109 Corpus
1103 2069 1221 2102 almum
1249 2070 1406 2113 diligitur,

952 2117 1016 2149 Per
1039 2117 1256 2151 Maximillam
1282 2120 1420 2163 tollitur,

951 2165 1074 2198 Terrae
1100 2167 1264 2199 conditum
1289 2168 1432 2200 traditur

1000 2214 1143 2247 Odorum
1169 2224 1240 2247 cum
1267 2214 1458 2257 fragrantia.

518 2291 576 2324 90.
603 2290 788 2331 Aegeathas
814 2290 981 2332 arripitur,

603 2338 841 2378 Praecipitatus
866 2339 1013 2380 moritur,

605 2387 724 2420 Frater
748 2387 791 2420 ad
815 2386 915 2420 fidem
942 2387 1070 2419 ducitur

653 2435 772 2478 Spreta
796 2436 866 2468 eius
893 2434 1043 2475 perfidia.
