1656 2690
691 148 949 185 *133-

155 246 217 278 2a.
243 245 335 279 Iesus
361 246 392 277 in
419 245 592 278 nativitate

245 294 364 327 Matris
391 303 468 326 suae
494 294 619 328 cunctis
645 299 758 336 gratae

294 342 419 375 Mundo
445 344 556 375 natum

293 390 359 424 Sed
384 394 534 423 renatum

344 440 392 472 Te
418 440 516 481 elegit
542 441 690 475 dulciter.

154 522 173 551 ὃ
188 528 218 552 a.
245 517 381 551 Scholas
406 526 491 558 puer
517 516 768 560 frequentando,

248 566 372 599 Vitiosa
398 567 590 599 detestando

296 614 507 654 Consodales,

298 663 495 703 Coaequales

342 712 530 745 instruxisti
555 712 710 747 moribus,

155 791 217 823 4a2
243 789 375 823 Iuvenis
400 789 597 834 ingeniosus,

244 836 482 871 Honestissime
507 836 678 882 formosus,

293 884 371 918 Pius
397 886 506 919 verbis

295 934 367 967 Non
394 935 532 975 acerbis,

342 983 446 1016 Stella
471 983 598 1024 fulgens
621 983 760 1016 saeculo.

158 1064 216 1096 511.
246 1061 405 1103 Virginali
433 1062 500 1094 vita
525 1060 638 1103 fretus,

246 1110 346 1144 Facie
372 1114 508 1143 venusta
532 1110 648 1147 laetm,

295 1159 341 1191 Ut
366 1158 541 1199 crystallus

290 1207 336 1239 Et
359 1207 499 1240 corallus

340 1255 467 1288 Rutilas
494 1257 633 1297 egregie.

155 1335 215 1369 6a.
242 1333 312 1367 Mel
338 1336 466 1366 eructas
492 1334 724 1378 praedicando,

242 1383 316 1415 Iesu
341 1391 459 1415 nomen
485 1383 701 1425 propalando,

289 1431 403 1463 Mente
426 1440 517 1464 mera

293 1479 414 1512 Dicens
442 1489 519 1513 vera

337 1529 389 1562 De
414 1529 598 1570 scripturae
622 1527 769 1562 fioribus,

155 1608 214 1640 Ta.
245 1607 289 1641 Ut
314 1607 470 1640 memoria
494 1606 609 1648 Iosiae,

242 1656 297 1689 Sic
321 1659 357 1688 tu
381 1654 450 1689 filio
476 1655 605 1688 Mariae

290 1706 354 1737 Per
380 1704 561 1738 doctrinam

291 1753 346 1786 Sic
372 1752 515 1786 divinam

339 1802 481 1835 Redoles
506 1802 660 1834 suaviter.

153 1881 172 1914 8
186 1890 215 1914 a.
243 1879 425 1923 Evangelio
449 1880 596 1923 devotus,

239 1930 310 1962 Deo
329 1931 403 1970 plus
422 1938 516 1970 quam
537 1928 657 1962 mundo
678 1932 783 1970 notus,

293 1978 368 2011 Post
393 1981 528 2018 peracta

286 2027 396 2069 Digna
421 2025 510 2061 facta

336 2076 471 2110 Frueris
498 2075 702 2110 caelestibus

151 2159 213 2191 Oa.
241 2156 348 2189 Melos
374 2155 482 2188 laudis
510 2154 714 2198 decantatur,

238 2205 323 2238 Dum
349 2205 420 2238 laus
447 2206 504 2237 tua
530 2203 716 2237 declaratur

287 2253 448 2295 Gratiose,

287 2302 437 2336 Gloriose

334 2352 449 2386 Meriti
475 2351 669 2393 praeconiis.

859 247 917 282 2b.
946 248 1043 281 Ortus
1070 247 1110 279 ab
1138 248 1280 281 honestis
1306 247 1361 287 pie

947 296 1050 329 Prece
1075 296 1211 338 virginis
1237 296 1364 329 Mariae

995 346 1184 386 Honestate,

995 394 1125 426 Pietate

1042 441 1270 475 Praecellebas
1295 441 1423 482 iugiter.

861 519 919 554 ab.
950 518 1112 553 Crucifixo
1137 520 1212 552 Iesu
1238 521 1348 561 gratus

946 568 991 600 Et
1016 568 1057 601 ab
1085 577 1122 601 eo
1149 566 1349 601 confortatus

993 616 1202 649 Festinanter

993 665 1038 697 Et
1062 665 1224 697 laetanter

1040 712 1111 745 Tua
1138 713 1196 746 das
1222 713 1433 753 pauperibus„

855 790 914 825 4b.
942 790 980 823 In
1006 790 1175 823 Francisci
1202 789 1253 822 via
1280 793 1348 822 tute

943 838 972 871 A
999 839 1166 879 primaeva
1189 838 1357 871 iuventute

992 886 1188 926 Ambulasti,

990 935 1037 969 Ut
1061 935 1190 975 optasti,

1041 984 1206 1017 Praebens
1232 985 1296 1016 iter
1321 984 1454 1025 populo.

856 1062 914 1096 5b.
943 1061 1039 1101 Legis
1066 1062 1176 1094 decem
1197 1061 1337 1094 chordas
1357 1070 1486 1103 sonans,

944 1109 1180 1151 Bernhardine,
1209 1118 1329 1150 praeco
1356 1113 1473 1143 tonans

992 1159 1098 1191 Iesum
1128 1159 1252 1198 ducem.

992 1207 1109 1240 Veram
1135 1208 1241 1240 lucem

1040 1255 1152 1288 Medio
1180 1256 1346 1289 ecclesiae.

854 1333 912 1367 cb.
941 1333 1061 1366 Verum
1086 1333 1216 1374 profers
1241 1342 1319 1366 vere
1343 1334 1445 1374 gratis

943 1381 1155 1415 Praedicator
1181 1382 1341 1423 veritatis,

990 1430 1036 1464 Ut
1060 1430 1094 1463 in
1120 1431 1220 1472 signis

990 1478 1102 1512 Factis
1129 1479 1236 1521 dignis

1038 1527 1114 1561 Plus
1139 1528 1293 1561 laborans
1319 1527 1480 1563 omnibus..

854 1606 913 1640 7b.
940 1606 1022 1640 Exis
1049 1606 1156 1639 animo
1181 1606 1323 1640 iucundo

941 1654 994 1688 De
1018 1655 1081 1688 hoc
1104 1655 1279 1688 lacrimoso
1304 1657 1426 1689 mundo

991 1703 1068 1736 Sine
1093 1702 1182 1746 fietu,

991 1751 1069 1785 Sine
1092 1755 1181 1785 metu

1038 1800 1185 1834 Moriens
1211 1802 1372 1835 hilariter.

855 1880 915 1914 Sl).
940 1879 1086 1913 Haustor
1112 1880 1238 1921 gratiae
1263 1881 1405 1922 divinae,

942 1930 967 1963 Ο
994 1928 1162 1962 confessor
1186 1929 1426 1972 Bernhardine,

987 1978 1085 2010 Alme
1110 1982 1214 2021 pater,

990 2028 1077 2061 Vere
1098 2026 1212 2067 frater,

1037 2076 1174 2109 Fratres
1199 2076 1275 2109 iuva
1300 2077 1463 2116 precibus

852 2155 910 2189 9b.
938 2156 1011 2189 Lux
1038 2155 1179 2189 delectet
1203 2164 1261 2188 nos
1288 2159 1422 2189 aeterna

936 2204 983 2238 Et
1008 2205 1078 2237 laus
1103 2204 1166 2237 Dei
1192 2205 1391 2245 sempiterna

988 2254 1086 2287 Velut
1112 2263 1187 2286 rosa

987 2301 1144 2345 Speciosa

1034 2352 1195 2385 Mentium
1222 2352 1416 2392 praeconiis

216 2440 301 2468 Mis-s.
313 2448 366 2467 ms.
377 2439 612 2468 Franz-iwanum
620 2438 898 2468 Amstelodamense
909 2437 980 2468 anm'
990 2436 1073 2467 1531.
1097 2438 1328 2468 Cod.Weerten.
1342 2439 1366 2467 F
1374 2447 1393 2467 a
1405 2437 1431 2466 7.

138 2479 192 2515 4a‚
215 2476 233 2507 3
254 2479 336 2507 Pius.
361 2494 395 2498 —
418 2477 471 2513 612,
496 2478 511 2507 1
532 2481 627 2515 gratis
648 2487 727 2507 vere.
