1656 2690
726 138 986 174 -219—

199 230 256 265 321.
286 231 451 271 Quaerens
477 235 539 268 Dei
565 233 666 268 filium
897 237 957 271 3b.
983 238 1038 270 Ad
1064 237 1182 277 pedum
1205 235 1396 277 obsequium

286 280 394 314 Intrat
415 282 449 314 iu
478 283 659 316 convivium
985 286 1077 319 Pium
1103 285 1240 326 praebet
1264 284 1405 317 studium

337 329 459 363 Dolore
484 335 630 375 cogente,
1033 335 1153 367 Amore
1177 333 1338 367 trahente.

198 407 256 440 421.
285 407 310 440 O
338 406 449 440 felices
474 409 693 451 Magdalenae
898 411 957 445 4b.
983 412 1028 445 Et
1057 412 1228 452 unguentis
1254 420 1367 442 manus
1394 410 1522 453 plenae,

289 456 411 500 Fletus,
441 457 558 499 crines,
583 459 703 500 vultus,
728 468 831 499 genae
987 459 1168 492 Saevientis
1194 459 1307 500 plagas
1333 467 1457 499 poenae

336 505 463 546 sponso
488 506 695 540 blandientes
1033 508 1180 547 Sponsae
1203 507 1443 540 subtrahentes,

197 582 256 616 5a.
283 582 403 615 Innixa
428 592 527 624 super
554 584 707 617 dilectum
899 585 959 619 5b.
988 585 1197 619 Condolendo
1220 584 1372 616 morienti

334 631 415 663 Eius
443 630 526 665 fulta
550 630 705 674 flosculis,
1033 633 1129 667 Votis
1153 636 1239 665 astat
1263 633 1396 674 sedulis,

286 678 385 712 Suum
413 679 507 712 dedit
532 681 733 713 intellectum
986 681 1228 721 Congaudendo
1254 679 1437 721 resurgenti

338 727 490 760 Caritatis
517 729 648 769 regulis.
1034 728 1173 762 Nuntiat
1199 728 1378 769 discipulis.

196 805 255 837 6a.
284 805 391 837 Vitam
418 805 596 837 solitariam
898 805 956 839 6b.
985 805 1092 846 Signis
1119 808 1152 837 et
1175 805 1335 846 prodigiis

332 853 456 885 Amans
479 853 515 885 in
541 861 681 886 caverna
1033 852 1177 894 Fulgens
1201 855 1239 885 ut
1261 853 1396 886 lucerna

283 900 401 934 Mundi
426 902 553 942 sprevit
575 902 712 943 gloriam
985 902 1123 934 Demum
1147 902 1246 942 plena
1270 901 1383 942 gratiis

332 949 468 991 Spirans
494 951 538 983 ad
563 959 715 991 superna.
1032 949 1156 990 Migrat
1180 950 1222 983 ad
1249 952 1391 982 aeterna.

198 1027 256 1061 72.
284 1027 415 1060 Christe
440 1028 527 1060 salus
549 1028 746 1067 paenitentis
898 1027 959 1061 710.
984 1028 1031 1061 Ut
1055 1027 1211 1059 virtutum
1235 1027 1446 1059 incrementis

286 1075 330 1108 Et
356 1075 430 1108 fons
456 1085 559 1117 aquae
584 1076 740 1116 salientis,
982 1075 1100 1109 Mundi
1127 1076 1246 1117 spretis
1272 1075 1503 1108 blandimentis

285 1123 429 1156 Nostrae
454 1124 530 1157 lava
554 1125 668 1157 sordes
695 1125 811 1157 mentis
982 1124 1124 1156 Lucrum
1152 1125 1246 1157 detur
1273 1124 1314 1156 de
1338 1123 1470 1156 talentis

330 1172 548 1212 Magdalenae
572 1173 737 1213 precibus,
1034 1174 1112 1207 Cum
1139 1173 1242 1205 servis
1267 1171 1429 1204 fidelibus.

262 1238 350 1266 Grad.
373 1247 427 1266 ms.
442 1238 675 1268 Unterlindense
696 1248 773 1268 saec.
797 1238 841 1268 14.
878 1239 948 1269 Cod.
966 1239 1144 1268 Colmarien.
1166 1237 1233 1268 312.
1254 1239 1288 1266 A.
1304 1254 1342 1258 —
1356 1238 1445 1268 Grad.
1469 1248 1524 1267 ms.

181 1277 415 1306 Unterlindense
436 1286 513 1306 saec.
537 1276 581 1306 14.
625 1278 696 1307 Cod.
719 1278 898 1307 Golmarien.
920 1276 977 1306 317
999 1279 1034 1307 Β.

585 1391 647 1423 251.
678 1392 723 1423 De
744 1399 769 1422 s.
791 1391 893 1423 Maria
913 1391 1113 1429 magdalena.

194 1476 250 1507 la.
279 1473 474 1506 Veneranda
498 1473 715 1513 Magdalenae
895 1472 954 1506 lb.
982 1473 1051 1505 Vae
1078 1472 1215 1504 debetur
1242 1472 1441 1513 delinquenti

283 1522 544 1563 Repraesentant
568 1520 654 1554 festa
678 1523 775 1562 plene
983 1521 1027 1553 Et
1051 1522 1228 1553 lamentum
1253 1520 1446 1560 paenitenti,

327 1571 406 1614 Vae,
433 1571 587 1613 lamenta,
615 1571 777 1611 carmina3
1031 1571 1173 1610 Postque
1197 1570 1279 1611 lam,
1306 1569 1503 1609 precamina.

192 1651 252 1683 2a.
279 1649 372 1681 Haec
398 1650 434 1680 ut
455 1658 538 1681 uxor
564 1648 771 1680 adversatrix
893 1647 952 1681 2b.
979 1647 1026 1681 Ut
1051 1647 1224 1687 repudiata
1249 1647 1319 1680 viro

281 1697 603 1738 Christumlinquens
611 1695 825 1737 fitpeccatrix
980 1695 1164 1735 Dissipavit
1188 1695 1284 1728 modo
1310 1696 1393 1729 miro

330 1747 369 1779 In
395 1746 559 1786 sequendo
585 1746 705 1786 turpia.
1031 1744 1134 1777 Grata
1159 1744 1330 1779 naturalia,

194 1827 252 1859 33.
279 1824 354 1857 Irae
382 1822 530 1855 Christus
556 1821 621 1854 iam
648 1822 768 1854 oblitus
893 1822 953 1856 31).
981 1823 1063 1855 Rete
1087 1822 1213 1863 gratiae
1238 1825 1373 1863 sagenat

282 1872 340 1905 Pie
365 1871 494 1913 quaerit
516 1874 554 1903 ut
579 1871 714 1903 maritus
980 1870 1091 1906 Gratis
1116 1871 1259 1914 trahens,
1286 1871 1343 1903 ubi
1370 1873 1474 1912 cenat,

330 1921 457 1963 Tegens
483 1919 740 1963 turpitudinem3
1030 1919 1142 1960 Spirat
1166 1919 1419 1961 paenitudinem.

192 2002 250 2034 4a.
279 1999 350 2033 Lue
375 2002 463 2032 tersa
491 1999 682 2032 delictorum
891 1997 950 2032 4b.
978 1999 1071 2032 Haec
1096 1998 1222 2030 recedit
1246 1997 1311 2030 iam
1341 2007 1380 2031 ex
1407 2000 1485 2040 toto,

279 2049 406 2083 Ornans
432 2057 566 2080 munere
593 2048 750 2080 donorum
980 2047 1096 2088 Lavat‚
1122 2047 1215 2088 ungit
1241 2049 1274 2078 et
1298 2056 1339 2080 ex
1365 2049 1440 2081 voto

327 2099 423 2132 Hanc
448 2096 512 2129 sibi
537 2096 700 2132 conciliat,
1030 2096 1072 2129 Se
1096 2097 1198 2128 totam
1224 2096 1383 2130 humiliat.

191 2178 252 2210 5a.
280 2175 455 2209 Osculatur
481 2177 513 2206 ct
540 2174 674 2207 decorat
896 2173 954 2207 5b.
982 2174 1035 2207 Ex
1060 2172 1177 2206 affeetu
1203 2173 1314 2206 studet
1338 2183 1415 2207 vere

280 2224 387 2258 Pedes
414 2223 545 2267 Christi,
574 2223 622 2254 sic
646 2222 786 2255 honorat
978 2222 1140 2265 Membra,
1168 2232 1280 2255 sensus
1307 2223 1463 2256 exhibere

328 2273 605 2315 Sponsum‚quem
617 2274 868 2311 contempserat.
1030 2272 1168 2311 Christo,
1197 2271 1251 2313 qui
1276 2273 1498 2313 praestiterat.

186 2354 245 2386 6a.
273 2352 400 2385 Haeret
424 2351 552 2385 medico
580 2353 703 2392 curata,
892 2349 951 2385 6b.
979 2350 1132 2391 Sequitur
1158 2351 1330 2383 caelestem
1357 2351 1472 2383 ducem

277 2401 361 2433 Nam
389 2401 565 2443 ministrat,
590 2402 686 2440 paret
711 2401 806 2441 grata
979 2399 1524 2439 Tamadcaelumquamadcrucem

323 2450 453 2489 Hospes
481 2453 511 2482 et
540 2449 711 2493 discipula,
1029 2448 1078 2482 Ut
1101 2450 1274 2489 patronum
1300 2446 1434 2482 famula.
