1656 2690
734 124 900 162 —101
956 147 998 153 —

226 222 244 254 7
258 230 287 253 a.
313 220 865 264 MundumspernitpropterDeum‚
900 223 960 258 71³.
987 224 1115 258 Crescit
1137 223 1221 257 fides
1246 224 1407 257 castitatis

314 269 361 301 Et
384 269 523 309 Agnetis
549 270 748 302 mausoleum
986 273 1102 306 Multis
1128 282 1237 305 secum
1264 272 1467 313 congregatis

366 317 517 351 Cumulat
540 318 735 360 honoribus;
1035 322 1162 354 Ibidem
1188 321 1365 354 sororibus,

227 386 288 419 Sa.
317 387 342 419 O
368 385 518 418 miranda
543 386 716 418 salvatoris
900 388 959 421 8b.
988 390 1051 421 Per
1060 398 1154 430 quam
1163 389 1274 430 Agnes
1289 389 1514 430 triumphavit,

312 434 358 467 Et
384 434 551 467 laudanda
579 435 703 466 cunctis
730 435 819 468 horis
984 438 1145 470 Mundum
1171 447 1298 478 quoque
1322 437 1501 470 illustravit

362 484 444 516 Tam
468 483 552 514 mira
577 483 735 524 potentia,
1032 486 1138 518 Felici
1162 487 1328 519 memoria.

224 552 286 586 9a.
315 551 432 584 Omnes
460 559 536 591 ergo
562 551 762 591 gratulemur
897 553 957 586 9b.
986 553 1108 595 Agnes,
1119 562 1325 593 agnumroga
1337 553 1511 594 Christum,

311 600 358 633 Et
383 603 541 639 Agnetem
570 599 783 639 deprecemur
983 601 1030 634 Ut
1055 605 1225 634 conservet
1251 602 1358 633 locum
1382 602 1481 633 istum

361 648 417 681 Sic
444 648 588 680 dicentes
614 648 758 687 pariter:
1029 650 1074 682 Et
1101 648 1257 682 defendat
1281 650 1410 691 iugiter.

198 717 241 749 10
255 726 284 749 a.
313 716 445 756 Nosque
471 718 528 747 tua
553 718 666 747 sancta
692 724 792 755 prece
869 716 912 749 10
924 716 958 748 b.
985 718 1033 751 Ut
1058 726 1129 749 cum
1154 717 1226 757 ipso
1252 717 1352 749 simus
1378 720 1494 760 tecum,

311 765 343 797 A
368 763 535 805 gehennae
560 764 667 794 salvet
691 772 772 795 nece
982 765 1043 803 Qui
1072 765 1215 805 donavit,
1242 768 1279 797 ut
1304 766 1349 797 sis
1376 775 1483 798 secum

358 811 402 844 Et
429 811 556 851 peccati
582 812 719 848 macula,
1029 813 1094 845 Per
1119 815 1252 845 aeterna
1277 815 1419 848 saecula.

261 878 351 907 Grad.
373 886 427 906 ms.
449 876 479 904 S.
501 876 628 913 Agnetis
650 877 850 905 Bononiensis
872 886 949 906 saec.
972 876 1017 905 14.
1042 880 1083 906 in.
1113 877 1184 906 Cod.
1198 878 1277 906 Mus.
1292 879 1459 907 Bononien.
1478 878 1522 908 12.

183 918 219 945 A.
239 932 279 936 —
298 917 389 946 Grad.
410 924 465 944 ms*
486 915 731 943 Praedicatorum
744 924 814 944 saec
829 914 905 945 1‘¹l15.
940 916 1012 945 Cod.
1029 916 1190 945 civitaten.
1205 917 1314 945 XLVI.
1328 918 1362 945 B.
1378 932 1414 936 —
1431 919 1524 947 Grac.

184 965 238 984 ms.
266 957 510 984 Praedicatorum
538 963 615 982 saec.
645 953 689 982 15.
731 952 802 983 Cotl.
829 955 932 983 Esten.
962 956 1109 984 Mutinen.
1137 956 1182 983 XI
1202 956 1234 983 H
1254 953 1281 984 3.
1305 956 1336 984 C.
1367 972 1406 976 —
1438 959 1522 986 Miss.

184 995 431 1023 Praedicatorum
451 994 522 1030 imp.
542 994 679 1022 Venetiis
704 991 790 1022 1523.
813 995 851 1022 D.
872 1009 908 1013 —
931 993 985 1023 2b.
1009 993 1024 1022 1
1047 995 1118 1023 Veri
1140 995 1177 1022 D.
1191 1009 1230 1013 —
1244 992 1296 1029 3b,
1314 993 1328 1023 1
1344 995 1417 1023 fecit
1430 997 1466 1024 D.
1485 1013 1488 1016 -

185 1032 236 1068 93„
258 1031 277 1062 3
300 1036 413 1069 puriter
433 1032 467 1059 B.

616 1116 681 1149 109.
716 1117 761 1149 De
784 1118 894 1149 sancto
915 1118 1047 1158 Agnete.

195 1200 211 1231 1
226 1208 255 1231 a.
283 1198 440 1239 Sospitati
469 1198 526 1230 dat
551 1200 722 1238 augustam
889 1199 947 1232 ib.
976 1199 1109 1232 Castum
1134 1199 1246 1231 reddit
1270 1201 1473 1233 sacerdotem

324 1249 354 1280 A
381 1247 493 1288 leprae
520 1246 686 1290 contagio;
1023 1247 1104 1280 Eius
1133 1247 1350 1287 desponsatio.

192 1316 253 1348 2a.
281 1315 483 1355 capillorum
509 1314 697 1355 angelorum
887 1315 949 1347 2b.
978 1315 1161 1348 Suseitatur
1186 1314 1361 1348 suffocatus

326 1363 473 1396 Vestitur
498 1362 666 1404 suffragi03
1025 1364 1182 1396 Maechus
1209 1373 1229 1395 a
1256 1364 1435 1398 daemonio.

188 1433 247 1465 3a.
275 1432 301 1464 O
328 1440 422 1473 quam
450 1430 570 1471 probat
586 1433 731 1463 sanctam
753 1431 817 1463 Dei
886 1431 945 1465 3b.
973 1431 1038 1464 Sed
1064 1435 1100 1464 ut
1126 1440 1228 1472 agnus
1253 1432 1419 1472 iugulatur

323 1480 544 1512 Flammarum
573 1479 708 1511 divisio!
1020 1481 1132 1522 Agnes
1159 1480 1199 1512 ab
1226 1481 1380 1521 Aspasio.

184 1550 246 1581 4a.
275 1548 363 1589 Ergo
389 1548 503 1580 laudes
532 1547 588 1580 det
612 1548 733 1589 Agneti
886 1548 947 1581 4b.
975 1548 1060 1580 Nam
1086 1550 1123 1581 ut
1148 1557 1249 1588 agnus
1275 1549 1419 1581 sociatur

319 1597 412 1630 Haec
439 1596 556 1628 devota
583 1597 708 1637 contio;
1020 1598 1131 1639 Agnes
1157 1605 1240 1637 agno
1265 1597 1364 1640 socio,

624 1657 654 1688 5.
681 1654 824 1696 Fulgens
850 1656 1044 1689 ostenditur.

252 1723 336 1751 Miss.
354 1724 524 1751 Romanum
544 1723 615 1758 imp.
636 1722 763 1751 Parisiis
788 1721 871 1751 1517.
892 1724 927 1751 A.
950 1738 987 1743 —
1007 1724 1093 1752 Miss.
1106 1723 1275 1753 Romanum
1298 1725 1370 1760 imp.
1384 1725 1513 1753 Parisiis

174 1759 258 1790 1523.
273 1762 307 1790 B.
334 1779 370 1782 —
384 1761 439 1796 4a,
457 1759 471 1788 1
487 1761 557 1789 dent
570 1761 631 1789 AB.
646 1777 686 1780 —
699 1762 832 1790 Melodie
845 1762 1009 1790 natsirlich:
1032 1763 1052 1791 S
1063 1764 1230 1800 ospitati
1251 1762 1355 1791 dedit
1369 1772 1510 1801 aegros.

172 1801 280 1829 Dieses
302 1800 430 1829 Schema
451 1801 552 1836 cignet
570 1800 716 1828 zunziohst
735 1801 793 1828 (len
814 1801 977 1837 Verbeten3
1001 1802 1050 1830 die
1071 1801 1198 1837 Quellen
1218 1810 1334 1839 zeugen
1354 1803 1427 1831 aber
1446 1803 1512 1831 hier

172 1840 222 1868 fiir
242 1840 292 1868 die
311 1839 522 1875 Verwendung
542 1839 587 1867 als
609 1838 754 1876 Sequenz.

618 1933 676 1965 110.
713 1934 757 1965 De
775 1935 886 1966 sancto
907 1934 1039 1967 Albano.

571 2017 602 2050 1.
632 2016 779 2049 Albanus
806 2026 899 2049 roseo
926 2026 1042 2049 cruore

631 2066 770 2107 compsit
796 2066 878 2098 haec
903 2066 1082 2098 sollemnia.

178 2136 239 2167 2a.
267 2134 327 2174 Qui
354 2133 461 2174 gratia
487 2133 599 2166 divina
881 2134 942 2167 2b.
970 2133 1142 2167 Trinitatis
1170 2133 1319 2176 gloriam,

266 2186 419 2215 evocatus
445 2182 488 2214 ad
514 2186 604 2215 astra
965 2183 1101 2215 unitatis
1127 2186 1278 2215 naturam

262 2231 330 2265 fide
355 2236 454 2273 atque
478 2231 629 2264 miranda
965 2232 1161 2273 praedicans
1187 2232 1333 2265 Arriana

265 2282 383 2314 claruit
410 2280 489 2323 vita,
964 2281 1044 2314 vicit
1069 2281 1231 2321 dogmata.

177 2350 236 2382 3a.
264 2349 381 2384 Studia
877 2349 936 2383 3b.
964 2350 1019 2383 Ad
1046 2358 1148 2390 regna

264 2401 331 2430 tam
357 2399 414 2439 pia
964 2407 1107 2439 superna

264 2456 379 2487 gerens
404 2449 439 2480 in
464 2446 531 2479 fide
557 2447 728 2488 catholica,
963 2448 1057 2480 lucra
1083 2447 1271 2486 deportavit
1294 2448 1446 2482 maxima.
