1656 2690
675 133 939 169 —203—

145 229 165 261 4
179 237 208 263 a.
236 228 275 261 In
302 232 478 271 conspectu
504 230 654 264 Caesaris
847 232 909 266 4¹0.
935 232 1020 266 inde
1043 242 1119 266 mox
1142 232 1296 265 irascitur

285 278 377 310 stetit
403 287 473 310 cum
500 278 620 312 fiducia
985 282 1124 314 crudelis
1151 280 1348 320 Maxentius,

239 325 366 359 Docens
392 326 496 359 Deum
523 337 619 360 unum
649 336 720 360 esse
939 329 1029 369 Quod
1056 339 1119 362 non
1147 329 1234 362 valet
1260 336 1417 368 superare

285 383 408 414 verum,
436 385 520 408 vana
543 375 642 409 idola.
985 378 1127 419 puellam
1153 376 1369 410 sermonibus.

147 454 165 485 5
180 461 209 486 a.
238 451 409 493 Sapientes
436 454 608 486 convocari
848 454 909 489 5b.
936 455 982 489 Ut
1009 456 1149 496 puellam
1176 463 1331 495 superare

285 500 377 533 iubet
402 502 490 534 orbis
518 502 669 540 clericos,
983 507 1117 544 possent
1144 504 1178 536 in
1208 503 1403 545 certamine3

236 549 477 591 Quinquaginta
501 554 719 591 reppererunt
935 551 1053 584 Manet
1075 552 1134 583 illa
1157 552 1310 584 interrita

285 598 433 631 rhetores
461 598 668 640 clarissimos,
985 599 1119 640 spiritus
1143 600 1328 632 munimine.

148 675 209 708 6a.
239 675 402 709 Christum
430 685 501 709 esse
526 677 746 709 venerandum
849 676 906 710 61),
936 677 990 710 Ad
1016 677 1097 709 haec
1121 678 1375 708 commutescunt
1399 676 1449 708 illi

288 724 384 756 docet
407 733 506 764 super
533 725 649 764 omnia,
984 733 1045 756 nec
1070 724 1180 757 valent
1205 725 1367 762 resistere,

239 771 300 810 Qui
327 772 449 805 creavit
476 776 508 803 et
533 772 693 814 gubernat
937 773 1137 805 Salvatorem
1165 774 1389 812 protestantur

287 820 422 861 eaelum,
449 824 581 860 terram,
608 821 721 853 maria,
985 821 1146 860 passionis
1173 820 1317 853 vulnere.

150 898 210 931 7a.
238 897 327 930 Hinc
352 898 444 930 novis
470 898 534 930 iam
561 898 750 940 aggreditur
850 897 908 931 7b.
937 898 1048 938 Quam,
1067 898 1141 930 dum
1157 898 1477 939 nequitpervertere‚

286 946 458 978 blanditiis
483 946 671 979 Maxentius
986 946 1113 978 recludi
1137 946 1229 978 iubet
1255 954 1397 986 carcere,

237 993 396 1028 Devotam
423 994 494 1027 Deo
522 995 678 1036 virginem
938 995 1004 1027 Sed
1027 995 1105 1027 inde
1129 995 1178 1026 vis
1202 994 1349 1035 angelica

289 1048 322 1075 et
346 1043 483 1075 miratur
505 1043 716 1077 immobilem.
987 1043 1133 1076 Obscura
1159 1042 1251 1084 fugat
1275 1043 1392 1076 omnia.

151 1121 214 1155 83.
239 1119 345 1153 Rotae
367 1120 475 1153 factae
501 1120 708 1154 cruciandam
851 1120 912 1155 eb.
939 1121 1039 1161 Regis
1065 1130 1148 1153 uxor
1174 1120 1243 1152 viso
1269 1121 1328 1152 tali

287 1167 330 1201 ad
358 1168 482 1201 Christi
505 1169 728 1211 virgunculam
985 1170 1140 1209 tantoque
1165 1168 1320 1201 miraculo

239 1216 458 1257 Repentinam
487 1217 566 1250 dant
591 1218 716 1250 ruinam
937 1217 1045 1250 Iesum
1073 1217 1179 1249 credit
1203 1220 1236 1248 et
1260 1220 1394 1250 necatur

287 1265 416 1298 turbam
443 1274 542 1308 super
569 1265 740 1306 perfidam.
988 1265 1098 1298 statim
1124 1275 1144 1297 a
1168 1265 1346 1299 Maxentio.

151 1345 171 1378 9
184 1352 215 1376 a.
240 1343 303 1376 His
328 1344 473 1383 peractis
500 1343 708 1377 Gatherinam
853 1343 914 1378 eb.
940 1345 1065 1376 Assunt
1087 1343 1159 1375 illic
1183 1343 1247 1375 cito
1273 1343 1364 1375 missi

287 1392 426 1432 iugulari
452 1392 625 1435 praecipit,
989 1392 1116 1432 spiritus
1150 1392 1298 1433 angelici,

239 1439 352 1473 Laetis
377 1441 485 1481 liquor
509 1450 569 1481 pro
597 1449 713 1473 cruore
941 1441 1093 1473 Animam
1122 1440 1155 1472 in
1185 1440 1308 1472 caelum
1337 1441 1458 1473 ducunt

288 1498 328 1521 ex
354 1489 467 1522 eadem
494 1487 638 1529 profluit.
991 1498 1108 1528 corpus
1136 1489 1198 1532 (in)
1219 1491 1360 1521 montem
1380 1487 1482 1521 Sinai.

143 1567 187 1600 10
200 1576 229 1600 a.
241 1566 400 1599 Membris
427 1576 466 1599 ex
494 1567 649 1608 virgineis
845 1568 888 1601 10
898 1566 928 1600 b.
942 1566 995 1599 Ad
1022 1569 1157 1599 aeterna
1181 1575 1240 1598 nos
1266 1567 1427 1607 perducat

289 1616 377 1648 rivus
403 1618 514 1648 manat
539 1616 612 1658 olei,
990 1624 1048 1648 rex
1075 1615 1235 1647 caelorum
1260 1615 1378 1656 gaudia

241 1664 310 1705 Quo
335 1664 421 1697 liniti
447 1664 620 1697 sanitatem
942 1663 1114 1697 Gloriosae
1139 1662 1335 1696 Catherinae

292 1717 531 1754 consequuntur
554 1712 710 1754 languidi.
989 1712 1124 1754 virginis
1149 1721 1209 1751 per
1234 1712 1360 1744 merita.

220 1799 305 1827 Miss.
327 1808 380 1827 ms.
395 1799 597 1836 Zagrabiense
618 1807 694 1828 saec.
714 1797 758 1827 15.
785 1799 855 1827 Cod.
872 1798 1041 1828 Cathedral.
1056 1799 1233 1835 Zagrabien.
1247 1798 1356 1827 XLIV.
1371 1795 1398 1826 2.
1414 1795 1481 1827 323.

141 1839 177 1867 A.
198 1853 238 1857 —
259 1838 348 1866 Grad-
369 1848 423 1867 ms.
445 1839 649 1876 Zagrabiense
668 1847 745 1866 saee.
769 1836 814 1866 15.
847 1838 919 1866 Cod.
936 1837 1105 1866 Cathedral.
1121 1837 1298 1875 Zagrabien.
1314 1846 1336 1865 ,3.
1352 1847 1381 1865 n.
1396 1837 1430 1865 Β.
1445 1852 1483 1857 --

144 1876 196 1913 lb,
221 1876 235 1905 1
260 1877 444 1906 Iucundetur
464 1878 525 1907 AB.
549 1893 585 1898 —-
607 1876 660 1913 6b,
681 1875 701 1905 4
720 1886 843 1906 munere
862 1877 897 1906 B.
918 1893 956 1897 —
978 1875 1027 1912 Va,
1053 1875 1067 1905 1
1089 1878 1151 1905 iam
1170 1873 1247 1904 fehlt
1266 1876 1327 1905 AB.

566 2000 627 2034 231.
661 1999 706 2032 De
728 2002 840 2033 saneta
861 2000 1053 2033 Katharina.

152 2085 212 2118 la.
241 2085 456 2119 Katherinam
484 2084 633 2118 dulcibus
856 2084 916 2118 lb.
944 2085 1036 2117 Haec
1061 2083 1152 2126 virgo
1178 2083 1343 2124 regalibus

238 2133 444 2166 Extollentes
471 2134 619 2167 cantibus
943 2133 1069 2167 claruit
1093 2132 1295 2174 parentibus,

242 2181 312 2217 Sibi
338 2183 429 2224 puris
456 2183 618 2216 mentibus
941 2182 1010 2215 Nos
1037 2182 1156 2215 claram
1179 2180 1354 2214 virtutibus

287 2232 509 2266 Famulemur.
990 2231 1086 2264 Hanc
1111 2230 1262 2264 fatemur.

152 2322 213 2354 221.
242 2320 331 2354 Costi
357 2322 444 2363 regis
469 2320 549 2363 filia,
855 2321 916 2354 210.
942 2320 1127 2352 Peritorum
1153 2320 1246 2351 varia

241 2370 325 2403 Dum
353 2369 542 2413 frequentat
565 2370 686 2413 studia,
942 2369 1074 2411 Detegit
1099 2368 1269 2400 mendacia

242 2418 349 2451 Pollet
374 2419 537 2461 sapientia
943 2417 1037 2450 Idola
1064 2417 1234 2449 daemonia

286 2467 375 2500 Miro
398 2477 500 2504 more,
992 2464 1140 2499 Probans
1166 2464 1247 2499 fore.
