1656 2690
626 89 668 95 -—
726 69 796 104 184
851 89 888 94 --

107 170 168 202 32.
198 168 279 201 Rem
304 167 441 200 miratur
465 166 663 207 patriarcha,
803 168 822 200 :3
834 167 865 199 b.
891 168 944 200 Ad
973 176 1065 207 quem
1091 166 1195 207 inquit
1220 166 1277 197 ille
1302 165 1427 196 laetus:

199 216 297 260 „Quis
324 213 392 257 es“,
419 215 533 258 inquit,
557 215 624 256 „ita
641 213 731 255 felix,
892 215 991 259 „Fuit
1016 224 1155 256 unquam
1183 213 1241 246 tibi
1267 216 1362 245 notus

243 263 303 304 Qui
321 263 363 295 ad
385 263 508 296 caelum
526 261 704 304 properas“
719 261 734 294 ἱ)
938 263 1116 302 Presbyter
1138 261 1352 302 Ieronymus“
1365 259 1381 291 ἲ)

109 353 170 384 4a.
202 351 322 394 „Quem
346 349 504 392 nominas,
531 348 686 390 singulari
802 350 861 384 41),
893 349 990 394 „Sum
1016 349 1122 382 anima
1150 348 1217 380 eius
1242 356 1330 386 vere,

193 398 302 440 Diligo
328 397 515 437 affectione,
890 398 979 438 Quae
996 407 1035 430 ex
1052 396 1208 438 procellis
1221 395 1316 428 huius
1331 395 1430 427 maris

242 446 331 479 Esne
355 446 424 479 eius
450 442 605 479 anima“?
936 446 1034 479 Vitae
1057 447 1188 486 portum
1213 446 1319 477 teneo¹

109 536 167 567 52.
194 532 298 573 Vade,
324 542 343 565 0
368 542 443 566 care
469 532 602 573 Cyrille,
801 532 859 566 5b.
887 531 966 565 Mox
991 540 1027 564 se
1049 530 1177 564 confert
1192 531 1227 564 in
1244 531 1426 570 Bethleem,

195 582 249 614 Ad
278 581 413 614 dilectos
437 580 613 621 discipulos
890 579 941 613 Ibi
966 580 1082 620 pandit
1108 580 1265 613 visionem

246 629 292 663 Ut
316 629 393 661 mihi
421 626 674 671 congaudeant.“
936 629 1032 661 Filiis
1058 629 1232 671 Ieronymi.

110 719 169 751 6a.
198 717 279 750 Tres
303 719 447 750 mortuos
473 717 647 756 suscitasti,
804 716 862 750 cb.
891 717 1028 749 Caecum
1051 718 1162 748 natum
1186 714 1389 755 illuminasti,

197 765 390 798 Haereticos
417 764 602 805 confutasti,
890 766 999 805 Atque
1024 772 1122 803 prece
1146 763 1376 796 Theodoneum

196 813 378 846 Ecclesiam
402 813 548 855 irrigasti
891 812 1081 845 senatorem
1105 811 1253 845 liberasti

244 861 314 894 Tuo
339 864 450 894 sancto
478 862 635 902 dogmate.
937 861 969 893 A
994 860 1158 893 barathris
1183 858 1314 893 inferni.

110 950 128 981 ’ἶ
141 959 170 981 a.
196 947 247 980 Tu
271 957 332 987 par
357 956 392 980 es
416 947 451 979 in
474 948 590 979 merito
804 947 864 981 7b.
888 947 962 987 Eia,
986 950 1092 987 pater,
1119 945 1221 979 funde
1245 955 1372 987 preces,

194 995 333 1029 Iohanni
356 996 571 1036 praecursori,
889 995 1004 1027 Flecte
1027 995 1143 1036 Deum,
1169 999 1205 1026 ut
1229 994 1373 1027 illustret

199 1044 290 1078 Sicut
314 1045 427 1076 narrat
453 1043 626 1084 Augustini
892 1044 1008 1076 Pectus
1024 1045 1187 1084 nostrumg
1209 1043 1243 1075 in
1261 1046 1433 1083 patronum

247 1091 398 1124 Doctoris
424 1091 573 1131 epistola,
941 1091 988 1123 Te
1015 1091 1102 1133 pium
1128 1091 1285 1133 eligimus.

179 1176 267 1206 Grad.
289 1186 342 1206 ms.
362 1177 561 1214 Zagrabiense
582 1187 659 1207 saec.
683 1176 726 1206 15.
763 1177 833 1207 cod.
857 1177 1024 1206 Cathedral.
1046 1177 1222 1213 Zagrabien.
1245 1186 1268 1204 s.
1289 1185 1317 1204 n.
1340 1177 1373 1204 A.
1396 1191 1433 1195 -—

100 1218 185 1246 Miss.
206 1217 397 1254 Zagrabiens.
418 1217 489 1253 imp.
508 1216 645 1245 Venetiis
667 1215 751 1245 1511.
773 1217 807 1243 B.
829 1230 869 1235 —-
888 1214 939 1248 2a,
954 1214 973 1243 2
993 1216 1125 1244 dextram
1148 1217 1182 1243 A.
1203 1230 1242 1236 ——‹
1261 1214 1315 1248 210,
1331 1214 1350 1242 2
1363 1216 1436 1244 Fuit

100 1258 189 1292 atque
208 1255 371 1283 translatus
392 1256 425 1283 B.
453 1268 490 1274 —-
520 1252 574 1288 3b,
598 1254 614 1282 1
634 1255 731 1284 laetus
751 1256 785 1283 B.
804 1269 844 1274 —-
863 1253 916 1288 31³,
937 1252 955 1281 2
975 1255 1033 1282 tibi
1053 1263 1205 1291 nunquam
1226 1255 1259 1282 B.
1282 1268 1318 1273 —
1340 1252 1394 1288 41³,
1415 1252 1433 1281 2

100 1295 137 1322 de
161 1294 300 1330 procellis
321 1294 355 1322 B.
381 1307 420 1312 —
446 1292 498 1327 4b,
520 1291 538 1322 3
559 1294 683 1322 Portum
708 1295 790 1322 vitae
819 1295 933 1329 attingo
956 1294 990 1321 Β.
1021 1309 1057 1313 ——
1084 1292 1136 1327 53,
1161 1292 1175 1320 1
1198 1302 1214 1321 ο
1235 1292 1311 1321 fehlt
1330 1293 1363 1321 Β.
1395 1307 1432 1311 -

101 1332 153 1366 51),
170 1330 185 1360 1
205 1333 277 1360 Mox
297 1333 374 1360 abiit
393 1333 425 1359 in
445 1333 479 1360 Β.
498 1347 538 1352 ——
557 1330 610 1365 512,
626 1329 644 1359 3
664 1332 751 1360 Filiis
773 1334 850 1360 caris
872 1332 904 1360 B.
925 1346 964 1351 -—
984 1330 1034 1365 Ta,
1052 1330 1066 1359 1
1088 1333 1120 1359 in
1141 1331 1215 1359 fehlt
1232 1331 1266 1359 B.
1287 1345 1326 1351 —
1346 1330 1399 1365 7a,
1416 1329 1434 1360 3

99 1372 284 1408 Augustinus
305 1371 340 1398 B.
362 1385 398 1390 ——
419 1369 472 1404 Ἡ),
490 1369 505 1397 1
525 1370 586 1399 Eia
606 1371 654 1407 pie
674 1374 758 1407 pater
771 1370 806 1398 B.
827 1385 867 1389 —
886 1368 939 1405 7b,
955 1369 972 1398 ὂ
997 1379 1040 1405 εις.
1061 1374 1091 1399 te
1111 1373 1270 1406 patronum
1293 1370 1432 1407 eligimus

102 1411 135 1437 B.
168 1424 203 1429 -—
240 1409 333 1438 Diese
367 1409 509 1437 abnorme
534 1409 671 1445 Sequenz
704 1411 746 1437 ist,
779 1418 831 1437 um
864 1417 896 1437 so
927 1410 1011 1437 mehr
1037 1416 1095 1437 von
1120 1409 1434 1437 kxssturhistorischem

100 1449 260 1482 Interesse,
297 1448 336 1476 da
367 1449 412 1476 sie
444 1449 476 1476 in
501 1448 771 1476 verschlimmerter
791 1447 920 1483 Auflage
949 1449 995 1475 ins
1026 1447 1189 1485 gedruckte
1218 1448 1342 1476 Missale
1374 1456 1435 1475 von

99 1488 210 1523 Agram
230 1487 389 1515 wanderte.

449 1600 519 1631 208.
552 1600 594 1631 De
615 1608 656 1632 ss.
677 1599 849 1641 Hippolyto
872 1601 904 1632 et
925 1599 1082 1633 Cassiano.

582 1682 613 1716 1.
639 1681 733 1714 Nitet
757 1681 943 1714 Leucothea

642 1732 821 1771 martyrum
845 1739 937 1763 roseo

642 1777 777 1818 perfusa
801 1779 958 1820 sanguine

112 1847 173 1879 2a.
201 1845 364 1887 Hippoliti
805 1845 865 1880 212.
893 1846 977 1886 Quos
1001 1855 1072 1878 sors
1097 1845 1211 1888 iunxit,

201 1893 418 1937 Cassianique,
894 1894 990 1926 tellus
1018 1894 1139 1934 divisit,

116 1963 179 1995 Sa.
205 1962 366 1995 Caelicam
389 1963 446 2002 qui
469 1970 555 1994 nunc
578 1962 674 1995 simul
810 1962 870 1996 370.
897 1962 992 1995 Alter
1017 1970 1156 2002 namque

201 2010 307 2042 aulam
325 2007 595 2052 possidentque*
624 2035 640 2050 ,ᾗ
727 2035 743 2050 ³⁶
769 2007 785 2020 '‘
893 2010 998 2043 Roma
1023 2010 1142 2051 editus,

674 2064 690 2079 3(-

114 2108 173 2140 4a.
199 2105 296 2138 Alter
318 2114 394 2138 vero
579 2123 595 2135 ,ε
622 2094 638 2107 '⁵
726 2094 742 2108 ἦ
771 2107 864 2141 ÷4b.
893 2106 1150 2141 Corneliensium
1175 2116 1251 2140 nam

203 2154 316 2186 doctor
343 2153 469 2188 exstitit
891 2155 982 2188 urbis
1008 2155 1245 2197 praefulgidae.

117 2223 135 2256 5
148 2231 178 2255 a.
203 2223 304 2263 Quem
329 2220 414 2254 livor
439 2222 597 2263 pristinus
810 2223 869 2256 δί).
897 2222 1000 2255 Saeve
1022 2223 1161 2255 laniavit

201 2269 393 2302 truculentis
897 2280 968 2303 cum
994 2270 1146 2303 stimulis.

118 2341 175 2374 62.
201 2338 284 2372 Nam
311 2338 431 2379 pueris,
811 2339 871 2372 6b-
896 2338 1086 2372 Puniendus

206 2386 321 2428 quibus
345 2389 498 2430 praeerat
521 2387 684 2428 magister,
900 2387 994 2420 datus
1020 2390 1070 2419 est
1095 2383 1177 2433 [hic]
1204 2388 1391 2423 crudeliter.
