1656 2690
126 505 189 536 2a.

129 784 188 816 3a.

130 1064 191 1096 4a.

127 1343 186 1375 5a.

129 1671 188 1703 oa.

128 1951 187 1984 7a.

129 2234 191 2267 8a,

651 108 915 144 -172—

588 211 648 243 195.
679 211 724 244 De
746 213 854 244 saneto
877 211 978 244 Gallo.

506 282 536 316 1.
565 282 729 316 Concentu
754 283 853 322 parili

563 330 617 362 hic
642 333 686 370 te,
712 333 859 371 patrone,

563 380 737 411 veneratur
760 378 899 420 populus

564 429 658 467 teque
684 426 746 466 piis
775 428 850 460 colit
878 428 1040 461 cordibus.

218 502 375 536 Generosi
399 503 554 536 Abrahae

214 550 310 584 fidem
337 555 476 593 secutus,

218 599 370 632 deserens
396 600 539 643 propria,

217 647 347 680 effectus
373 648 449 681 hinc

217 697 365 728 caelestis
391 696 506 729 incola.

215 782 366 823 Laetare,
392 786 497 826 pater,
524 783 625 816 nobili

216 831 343 872 genitus
369 833 523 872 prosapia

217 880 306 911 velut
330 881 490 920 gemmula

216 927 425 968 nobilissima,
453 936 581 960 auream

216 976 381 1008 accersisti
406 984 554 1009 coronam
582 977 654 1010 Dei.

218 1062 265 1094 Te
290 1063 382 1104 virga
407 1062 537 1095 Domini

217 1113 320 1149 sanat,
346 1114 473 1154 purgat,
503 1111 611 1143 erudit

217 1158 409 1199 disciplinae
433 1160 552 1199 spiritu

214 1209 377 1247 tamquam
402 1210 496 1246 pater
521 1205 621 1239 filium

214 1253 308 1286 febre
331 1254 451 1288 valida.

215 1340 278 1373 Sed
305 1345 341 1375 tu
366 1345 483 1382 tamen,

213 1392 308 1429 pater
333 1390 498 1434 virtutum,
529 1390 601 1422 dum
629 1391 721 1423 nobis

215 1439 397 1478 exemplum

215 1485 406 1519 humilitatis
430 1496 527 1520 verae

217 1534 458 1576 commendasti,
485 1539 616 1568 strenue

217 1590 325 1624 regem
351 1587 478 1616 secutus
504 1584 636 1625 gloriae.

215 1670 364 1710 Laetare,
393 1680 487 1711 quem
512 1675 674 1704 scrutator

215 1718 322 1751 cordis
350 1722 382 1750 et
406 1728 517 1752 renum
545 1717 662 1764 (Deus)

214 1766 314 1806 novit,
342 1766 425 1799 fovit
450 1767 555 1809 gratia

215 1815 408 1854 spiritaliter

217 1871 272 1895 cor
296 1864 425 1905 replens
451 1867 483 1896 et
507 1867 657 1898 animam.

214 1950 302 1992 Ergo
330 1952 447 1993 quique
474 1951 606 1984 colimus

218 1998 302 2032 festa
327 1999 439 2033 famuli
466 2000 595 2041 Christi,

215 2047 301 2080 beati
328 2049 425 2092 Galli,

215 2096 284 2128 eius
309 2097 373 2136 piis
397 2106 456 2128 nos
480 2105 577 2137 iunge

213 2145 349 2179 meritiS.

217 2231 304 2264 Laus
329 2232 416 2272 patri
442 2233 574 2272 gloriae,

215 2280 271 2321 qui
295 2289 386 2312 suum
413 2278 565 2312 famulum

213 2326 367 2362 idoneum
392 2329 542 2369 gentibus

217 2377 381 2410 doctorem
409 2377 583 2410 destinavit

216 2427 362 2463 caelitus.

824 503 883 538 2b.

822 784 881 818 3b.

820 1064 881 1097 4b.

822 1672 883 1705 ὀὶ).

823 1953 883 1986 7b.

822 2235 881 2269 8b.

911 504 1091 537 Sanctitate
1117 505 1263 547 corporis

911 554 1122 594 castitateque

910 610 1035 634 morum
1059 611 1140 641 prae
1162 601 1310 634 omnibus

908 649 1090 691 insignitus,

909 700 944 729 tu
972 698 1068 730 decus
1095 698 1259 731 abbatum.

910 785 948 817 In
975 785 1063 817 cuius
1089 784 1309 818 sacratissimo

910 842 1046 874 corpore
1070 833 1226 874 insignita

906 890 966 921 per
992 882 1171 914 catenulam

910 929 1090 962 evidentius
1116 939 1248 962 aeneam

908 977 1054 1010 claruere
1081 977 1201 1010 Christi
1227 977 1389 1018 stigmata.

908 1063 958 1095 Tu
984 1066 1081 1104 porta
1107 1062 1258 1104 gentibus

909 1112 950 1144 ad
978 1113 1088 1151 vitam,
1115 1111 1288 1144 idolatriae

910 1160 1029 1192 cultum
1057 1160 1178 1201 delens,
1201 1160 1339 1200 populos

910 1208 1037 1241 Christo
1063 1217 1163 1241 novos
1189 1217 1357 1250 generans,

910 1256 1024 1290 doctor
1048 1256 1178 1297 optime.

874 1369 880 1376 .
907 1343 960 1375 Ad
986 1343 1204 1385 templumque

908 1392 1020 1424 mundi
1047 1391 1153 1424 cordis
1173 1395 1276 1424 tecum
1299 1392 1446 1426 Christus

909 1440 1053 1472 cenando

907 1487 1079 1528 subintrat,
1105 1489 1333 1529 praeparando

908 1535 968 1568 tibi
995 1545 1107 1569 cenam
1132 1537 1284 1578 pinguem

908 1585 1087 1624 mentisque
1111 1585 1185 1626 iuge
1211 1586 1403 1619 convivium.

909 1671 1058 1712 Exsulta,
1087 1673 1137 1704 cui
1162 1673 1302 1705 mundus

908 1729 971 1752 non
996 1720 1080 1761 risit,
1109 1721 1243 1753 daemon

908 1769 1007 1811 siluit,
1035 1777 1110 1801 caro
1133 1779 1251 1810 pressa

909 1813 1001 1862 [fuit]
1027 1817 1146 1858 iugiter

908 1867 999 1898 suavi
1023 1867 1098 1907 iugo
1124 1866 1265 1900 Domini.

911 1952 945 1985 Si
969 1963 1034 1986 non
1059 1953 1122 1986 Dei
1147 1964 1318 1995 possumus

909 2004 1029 2034 tantam
1057 2004 1189 2043 exsequi
1214 2005 1302 2036 tardi

909 2049 1130 2094 humilitatem,

909 2097 1016 2131 forma
1039 2098 1083 2130 sit,
1106 2100 1200 2133 nobis
1226 2104 1319 2141 pater

908 2146 1049 2181 humiliS.

909 2235 996 2267 Laus
1023 2234 1091 2267 eius
1116 2235 1194 2278 filio,

910 2283 965 2323 qui
989 2292 1047 2316 suo
1072 2285 1229 2325 sanguine

910 2341 967 2363 nos
994 2331 1082 2371 patri
1106 2329 1351 2376 (re)concilians

909 2380 1058 2420 supernis
1082 2380 1170 2413 hunc
1191 2381 1342 2415 adiunxit

911 2428 1043 2462 civibus.
