1656 2690
701 135 740 140 -—
796 115 963 151 206—

595 246 665 278 234.
695 247 740 278 De
761 247 873 279 saneta
892 247 1073 279 Landrada.

203 331 220 363 1
233 339 262 364 a.
291 328 498 362 Gratulemur
522 328 557 359 in
580 328 702 360 honore

292 377 482 418 Sahatoris,
508 379 541 407 et
564 384 673 408 amore

340 423 455 457 Cordis
480 424 602 463 psallat
626 424 762 464 puritas

205 494 267 526 2a.
295 492 395 531 Virgo
421 492 525 531 stirpe
548 500 705 532 generosa

292 539 538 579 virtutibusque
563 539 705 572 formosa

339 586 471 629 Sprevit
494 588 693 620 transitoria.

201 658 220 690 3
231 665 260 689 a.
287 656 365 688 Mun
371 655 456 696 dum,
470 655 641 688 daemones
652 655 802 696 calcavit,

288 703 398 743 Fame,
424 703 479 736 siti
503 703 594 744 virgo
619 704 736 735 stravit

337 751 473 786 Carnem
500 761 539 784 ac
564 751 693 792 vigiliis,

202 822 263 854 4a.
292 821 334 853 Se
360 820 498 860 castigat
521 819 723 852 lacrimando

287 868 363 900 Non
386 870 554 908 tepescens
570 868 652 900 haec
668 867 802 908 orando,

338 915 466 948 Vestita
491 916 607 949 cilicio.

203 985 262 1017 5a.
291 983 407 1022 Gregis
434 985 541 1015 custos
565 983 701 1023 virginis

290 1031 466 1063 Nocturnis
492 1031 629 1063 silentiis

335 1078 489 1111 Divinum
517 1078 673 1110 solacium

339 1126 503 1169 scrutans,
512 1124 801 1158 fiammaluminum

383 1174 485 1207 Istum
510 1175 732 1214 perlustravit.

205 1245 265 1277 6a.
293 1243 391 1282 Virgo
417 1244 530 1275 sancta
554 1242 765 1283 sigemarum,

288 1290 496 1324 Sacerdotem
522 1290 585 1322 sibi
612 1299 731 1331 carum,

335 1339 525 1379 Adloquens
551 1339 718 1381 secretius,

203 1408 263 1438 7a.
291 1407 330 1438 In
356 1414 417 1445 quo
443 1406 499 1438 lux
522 1405 735 1445 resplenduit,

286 1453 485 1494 Angelorum
511 1454 619 1485 sonuit

338 1501 451 1533 Dulcis
476 1501 626 1540 melodia,

293 1569 362 1600 Vox
387 1568 519 1600 auditur
544 1567 697 1600 caelitus:

289 1616 365 1648 Tibi
389 1616 491 1648 mittit
513 1615 670 1648 Dominus

340 1664 412 1697 Hoc
436 1673 561 1707 munus,
589 1664 775 1698 Landrada.

204 1570 264 1603 8a.

203 1734 264 1766 9a.
292 1731 419 1775 Spinas,
445 1740 562 1771 vepres
589 1732 771 1771 exstirpare

293 1780 409 1822 Coepit
433 1781 523 1820 virgo
550 1789 588 1812 ac
611 1789 730 1819 parare

338 1829 460 1861 Locum
488 1827 723 1868 delectabilem,

178 1897 265 1930 loa·
290 1945 341 1976 Ibi
368 1943 496 1977 Christo
522 1942 698 1976 famulatur

314 1992 476 2033 Magistra
499 1992 561 2024 hac
586 1991 721 2033 virgine.

179 2061 222 2093 11
236 2069 265 2094 a.

341 2156 505 2189 Conserva
528 2156 706 2197 collegium,

178 2224 223 2257 12
234 2233 264 2257 a.
291 2223 360 2263 Quo
384 2226 491 2255 tecum
515 2223 606 2264 virgo
631 2223 729 2258 beata

294 2272 414 2313 Fulget
437 2272 528 2303 lauro
556 2274 718 2313 coronata,

342 2319 408 2354 Ubi
433 2329 499 2360 pax
525 2323 574 2352 est
598 2319 742 2363 stabilis3

870 328 928 362 1b.

867 490 929 524 2b.

869 654 927 688 3b.

869 818 928 852 4b.

869 982 928 1015 5b.

869 1241 928 1276 eb.

869 1406 929 1441 7b.

864 1568 925 1602 8b.

865 1732 925 1767 9¹0.

293 1896 468 1936 Postquam
485 1896 568 1927 illud
586 1897 802 1936 consecratur,
843 1896 928 1930 lob.

291 2060 368 2092 Iesu
394 2059 533 2103 Christe,
561 2062 673 2100 pastor
697 2059 789 2103 bone,
844 2060 928 2093 Hb.

292 2108 491 2140 Landradae
502 2111 633 2140 sanctae
639 2111 806 2140 matronae

953 328 1107 362 Laudans
1132 328 1240 361 fidelis
1265 327 1414 366 laetetur,

957 376 1002 409 Ut
1026 377 1224 410 Landradae
1250 376 1423 407 veneretur

1004 425 1130 458 Devote
1155 423 1366 457 sollemnitas.

955 490 1085 524 Summo
1094 500 1212 531 sponso
1218 491 1300 523 haee
1306 489 1500 528 adhaerens,

958 538 1054 571 Cuius
1082 539 1166 572 dona
1190 538 1254 571 sibi
1280 546 1439 579 quaerens

1003 587 1133 620 Invenit
1157 587 1190 619 in
1217 587 1331 628 gloria,

954 654 1074 699 Apros,
1100 664 1193 687 ursas
1218 663 1284 686 non
1310 653 1453 696 expavit,

954 703 1019 736 Sed
1047 712 1116 736 cum
1142 703 1223 743 ipsis
1250 702 1427 734 exsultavit

1003 751 1173 792 Deputans
1198 760 1258 792 pro
1284 750 1391 784 sociis.

958 819 1085 852 Caelica
1113 818 1322 861 desideravit,

953 866 1072 900 Mundi
1096 876 1181 899 vana
1199 866 1368 907 superavit,

1002 915 1113 947 Exuta
1138 914 1310 955 supplicio.

954 983 1102 1016 Audiens
1127 982 1291 1022 angelicas

956 1029 1061 1063 Voces
1085 1033 1182 1070 atque
1207 1030 1345 1062 caelicas

1002 1077 1189 1110 Recollecto
1214 1086 1334 1119 pecore

1002 1126 1086 1160 Visa
1109 1135 1205 1159 mane
1228 1134 1370 1166 propere

1053 1174 1180 1215 Virgini
1205 1175 1363 1207 narravit.

957 1242 1025 1281 Quo
1051 1245 1216 1282 assumpto
1243 1250 1314 1273 cum
1337 1244 1471 1282 pastore

954 1290 1075 1322 Locum
1102 1291 1230 1329 quaerit
1253 1290 1286 1321 in
1309 1289 1430 1322 ardore

1005 1338 1157 1371 Caritatis
1182 1338 1310 1372 laetius,

954 1406 1056 1438 Aram
1084 1406 1187 1437 erucis
1213 1405 1390 1446 destinanS,

955 1454 1098 1493 Sponsus
1124 1462 1276 1493 sponsam
1302 1454 1449 1496 visitans,

1002 1502 1137 1534 Mittens
1162 1503 1337 1542 sponsalia.

953 1568 1074 1601 Gavisa
1100 1569 1141 1601 de
1166 1578 1299 1602 munere

952 1617 1056 1657 Virgo
1082 1618 1181 1658 plena
1205 1617 1345 1661 flamine,

1002 1666 1129 1699 cultrix
1152 1666 1353 1700 honoranda.

952 1734 991 1766 In
1017 1743 1078 1774 quo
1105 1735 1262 1774 templum
1279 1735 1376 1767 matri
1394 1735 1469 1775 piae

954 1781 1080 1814 Struxit
1105 1782 1223 1823 virgini
1247 1782 1376 1816 Mariae

1001 1830 1136 1863 Imitans
1161 1830 1344 1865 amabilem.

955 1898 1043 1938 Quae
1061 1899 1241 1938 plantatrix
1259 1897 1296 1930 fit
1314 1900 1468 1932 virtutum

954 1946 1158 1986 Protegendo
1186 1946 1294 1979 ferens
1320 1951 1447 1980 scutum

1003 1994 1057 2026 Ab
1083 1998 1177 2027 aestu
1204 1999 1236 2027 et
1261 1996 1400 2029 turbine.

955 2060 1000 2094 Ut
1025 2064 1058 2093 te
1083 2063 1195 2095 laudet
1218 2072 1300 2104 puro
1328 2066 1436 2108 eorde,

954 2109 1149 2143 Mandatum
1176 2112 1216 2144 ab
1243 2113 1331 2145 omni
1355 2114 1454 2146 sorde

1002 2158 1075 2191 Duc
1100 2159 1144 2192 ad
1170 2162 1297 2193 culmen
1323 2162 1458 2202 regium.

847 2225 932 2259 121³.
957 2226 1039 2259 Eius
1058 2231 1097 2259 ut
1119 2237 1220 2268 prece
1243 2227 1393 2262 fruamur

956 2275 1028 2318 Tui,
1057 2275 1195 2317 Christe,
1224 2279 1256 2309 et
1278 2276 1425 2312 feramur

1004 2323 1058 2355 Ad
1083 2327 1126 2364 te,
1152 2324 1336 2360 ineffabilis

246 2397 332 2425 Miss.
346 2405 400 2424 ms.
413 2394 599 2425 Belisianum
612 2404 689 2424 saec.
707 2395 752 2425 15.
774 2396 845 2425 Ood.
858 2398 1029 2427 Bruxeuen.
1044 2398 1208 2430 9786—90.
1228 2417 1267 2423 -—
1280 2401 1334 2438 4a,
1351 2401 1366 2432 1
1382 2404 1449 2434 Sed.
1464 2421 1503 2426 -—

167 2438 231 2466 Aus
250 2436 382 2474 gleicher
403 2436 509 2470 Quelle
528 2436 616 2464 Anal-
636 2435 838 2464 Bollandjana
860 2437 908 2472 V1,
930 2435 996 2466 399.
