1656 2690
671 111 934 146 —112—

592 225 656 257 120.
687 225 730 257 De
750 227 859 257 sancto
880 225 1014 256 Ansano-

152 297 210 330 13.
238 295 350 328 Nobili
371 297 526 335 prosapia

284 343 414 377 Prodiit
438 344 600 387 Amanus,

236 393 337 432 Quem
364 392 403 423 de
429 395 524 433 gente
550 393 644 425 devia

284 440 402 473 Traxit
424 440 486 473 Dei
510 450 635 486 manuS,

236 488 301 522 Dia
325 489 399 520 luce
423 490 558 529 praevia

284 538 420 571 Praeest
446 537 651 571 christianus.

151 608 211 639 2a.
239 605 379 638 Carcere
405 608 437 637 et
462 605 599 637 vinculis

285 653 391 686 Deum
414 663 480 686 non
505 654 646 696 negavit,

237 702 340 736 Immo
365 702 445 734 locis
470 702 590 741 patulis

287 751 445 784 Constans
470 750 685 790 praedicavit,

239 799 338 839 Quem
358 798 446 830 Deus
473 799 638 831 miraculis

286 848 387 880 Plene
411 847 599 880 illustravit.

152 917 213 950 33.
240 916 304 949 Pro
329 923 391 955 quo
415 917 544 947 sanctus
570 917 699 955 angitur

288 963 339 995 Ab
364 963 572 1002 imperatore,

240 1012 379 1045 Caruere
404 1010 584 1042 includitur

286 1058 499 1098 Torquendus
523 1059 635 1101 livore,

239 1107 317 1140 Mox
343 1107 421 1138 inde
446 1107 612 1146 egreditur

286 1155 413 1196 Angelo
441 1155 586 1188 ductore.

154 1224 214 1257 4a.
243 1222 373 1255 Gaudet
396 1220 477 1255 felix
503 1222 617 1254 civitas

288 1270 362 1303 Tali
386 1270 456 1302 viro
484 1270 603 1308 dotata,

241 1319 309 1358 Quo
337 1321 386 1350 est
411 1319 535 1350 cunctis
559 1319 682 1351 sanitas

287 1366 429 1399 Infirmis
454 1366 582 1408 collata,

240 1415 285 1448 Et
310 1414 484 1446 multorum
511 1415 649 1447 caecitas

288 1463 351 1495 Est
377 1462 569 1496 illuminata,

155 1533 214 1564 5a.
244 1530 268 1563 O
294 1531 436 1572 Ansane,
462 1531 599 1571 gratiam

290 1579 424 1611 Postula
449 1578 586 1619 devotis,

243 1627 304 1667 Qui
331 1627 440 1659 colunt
464 1628 650 1660 memoriam

291 1675 391 1708 Tuam
417 1676 522 1716 plenis
549 1676 650 1718 votis3

243 1724 385 1756 Veniant
408 1725 450 1756 ad
475 1724 610 1765 gloriam

292 1772 353 1812 Qui
378 1776 467 1804 stant
490 1782 510 1804 a
534 1774 676 1806 remotis.

843 296 903 331 1b.

844 606 904 640 ab.

845 914 903 950 3b.

847 1222 906 1257 4b.

850 1531 909 1566 5b.

929 298 1116 329 illustratus
1141 295 1263 328 lumine

978 344 1076 378 Fidei
1099 353 1215 376 sereno

930 393 977 425 Et
1001 393 1111 425 divino
1134 391 1266 424 flamine

978 440 1061 473 Erat
1087 441 1187 472 corde
1211 440 1319 481 pleno,

932 489 1048 522 Stabat
1072 490 1106 521 in
1133 488 1311 521 certamine

980 537 1079 569 Velut
1102 537 1136 568 in
1163 545 1308 569 amoeno.

932 605 1070 638 Sanctus
1097 602 1345 636 charismatibus

979 652 1035 685 Sic
1059 655 1110 685 est
1132 653 1332 684 illustratus:

930 702 1017 735 Dum
1042 701 1188 742 postulat
1209 701 1343 733 vocibus

980 750 1088 783 Oculis
1114 749 1259 785 orbatus,

933 799 1049 832 Statim
1074 798 1179 830 sancti
1205 795 1358 836 precibus

979 846 1042 878 Est
1065 845 1277 880 illuminatus.

931 914 1069 946 Demum
1095 913 1199 945 Roma
1225 912 1335 945 exiens

979 961 1173 994 Morabatur
1199 959 1305 1000 Senis,

934 1011 1033 1050 Quem
1059 1008 1176 1048 Lysias
1202 1008 1338 1040 audiens

979 1057 1114 1091 Artavit
1138 1056 1261 1089 catenis

933 1107 972 1140 111
1000 1108 1166 1139 Ansanum
1191 1105 1339 1137 saeviens

983 1155 1063 1188 Cum
1086 1153 1251 1186 immensis
1277 1152 1402 1194 poenis.

933 1222 985 1255 Ex
1011 1230 1073 1262 quo
1099 1224 1224 1261 martyr
1249 1219 1392 1252 traditur

982 1270 1062 1310 Igne
1088 1268 1227 1301 cruciari

934 1319 988 1358 Et,
1017 1318 1093 1358 quia
1117 1326 1180 1349 non
1207 1316 1359 1356 laeditur,

983 1366 1079 1399 1ubet
1103 1365 1270 1405 decollari,

937 1415 1055 1448 Sancto
1080 1412 1146 1446 fine
1170 1414 1309 1446 moritur

982 1462 1107 1504 Dignus
1132 1462 1298 1495 honorari.

939 1531 1088 1565 Creatori
1113 1531 1252 1562 omnium

983 1579 1115 1612 Laudes
1141 1579 1206 1610 sint
1229 1579 1417 1619 immensae,

938 1627 1000 1668 Qui
1025 1636 1085 1667 per
1112 1626 1273 1659 Christum
1295 1625 1399 1660 filium

987 1675 1161 1708 Commune
1185 1675 1328 1708 Senense

935 1725 1088 1758 Deducat
1113 1724 1156 1757 ad
1181 1725 1357 1765 prandium

982 1773 1161 1814 Angelicae
1186 1781 1327 1807 mensae.

225 1849 313 1878 Grad.
338 1858 392 1877 ms.
419 1849 550 1878 Senense
577 1858 653 1877 saec.
681 1847 726 1877 14.
768 1850 838 1879 Cod.
869 1851 1006 1879 Gathedr.
1035 1850 1141 1878 Senen.
1168 1859 1191 1877 s.
1211 1858 1240 1876 11.
1262 1849 1299 1877 A.
1326 1863 1364 1867 —
1389 1849 1478 1878 Grad.

145 1896 199 1916 ms.
222 1888 353 1916 Senense
380 1896 456 1915 saec.
486 1885 530 1916 15.
574 1888 644 1916 Cod.
667 1887 804 1917 Cathedr.
826 1888 931 1917 Senen.
962 1888 1006 1917 11.
1026 1889 1061 1916 B.
1107 1906 1128 1909 —
1151 1888 1292 1923 Sequent.
1314 1890 1344 1915 et
1366 1888 1478 1923 Hymn.

145 1935 201 1954 ms.
223 1927 354 1955 Carmeli
374 1926 516 1955 Senensis
539 1935 615 1955 saec.
639 1925 683 1955 14.
712 1928 784 1956 Cod.
806 1927 911 1956 Senen.
931 1927 959 1956 Gr
976 1927 1025 1955 ΠΙ
1043 1925 1063 1954 2
1084 1926 1116 1954 G.
1138 1942 1176 1945 —
1200 1925 1250 1960 13,
1271 1925 1289 1954 6
1307 1925 1368 1954 Est
1385 1927 1420 1954 B.
1442 1941 1480 1946 —

147 1963 199 2000 23,
221 1964 239 1993 2
259 1965 322 1993 Diu
341 1974 402 1994 non
425 1966 456 1993 C.
480 1980 514 1984 —
536 1964 590 2000 210,
617 1965 631 1993 1
654 1966 773 1995 Sanctis
793 1966 852 1994 BC.
873 1980 910 1985 ——
932 1964 983 2000 2b,
1005 1963 1022 1993 5
1043 1966 1155 1993 sanctis
1168 1965 1229 1993 AB.
1252 1980 1288 1984 —
1308 1963 1360 2000 4³,
1381 1963 1400 1994 3
1416 1963 1480 2001 Que

148 2007 194 2032 est
214 2004 245 2032 G.

380 2097 434 2129 121.
464 2098 508 2130 De
529 2107 570 2130 ss.
591 2098 726 2137 Ansano,
747 2097 874 2139 Savino,
897 2098 1086 2137 crescentio,
1107 2097 1246 2130 Victore.

158 2190 176 2222 1
190 2199 218 2223 a.
248 2188 327 2222 Cum
351 2188 475 2228 ingenti
501 2188 602 2221 iubilo

293 2236 462 2269 Canticum
488 2239 615 2269 eructet

244 2285 435 2325 Devotoque
460 2285 591 2317 modulo

294 2334 408 2367 Coetui
435 2334 586 2366 decantet

246 2383 447 2424 Sanctorum,
475 2383 600 2415 radiolo

293 2431 379 2465 Sena
403 2441 465 2473 quo
491 2432 626 2465 relucet.

853 2190 915 2223 ib.
942 2190 1075 2222 Ansano
1102 2188 1307 2222 christicolae

989 2237 1099 2270 Primo
1122 2237 1275 2281 melodia,

941 2286 1097 2319 Senarum
1123 2286 1286 2327 agricolae

987 2334 1135 2368 Iussione
1161 2335 1226 2377 dia,

941 2384 1083 2415 Metrum
1108 2381 1300 2417 honorabile

987 2431 1054 2465 Det
1078 2434 1218 2473 votaque
1242 2432 1309 2474 pia.
