1656 2690
239 233 300 266 322.

237 387 301 422 4a.

238 542 298 576 5a,

240 695 303 729 6a.

230 1138 301 1165 (lod.

237 1285 298 1317 Ia.

236 1450 298 1483 2a.

240 1615 300 1647 3a.

238 1780 299 1811 cta.

237 1946 298 1978 5a.

232 2112 297 2144 6a.

233 2278 297 2312 7a.

328 234 420 266 Inter
447 235 592 268 diversas

326 291 448 322 poenas
474 284 667 327 trucidatus,

327 331 383 362 sed
411 340 476 363 non
501 335 685 373 superatus,

330 387 395 420 Sed
422 389 526 420 nescit
551 390 680 431 impius,

328 437 413 476 quod
440 438 533 469 testis
562 438 693 470 Domini

328 485 419 524 cupit
444 485 538 528 solvi,
568 485 697 519 Christo
722 487 831 528 iungi3

329 542 365 574 In
393 551 458 582 qua
483 547 558 575 sunt
582 544 705 576 inimici

326 589 465 622 hominis
495 591 664 624 domestici
691 593 759 625 eius

327 638 402 670 odio
431 639 531 680 digni,

331 696 391 736 Qui
419 697 526 729 carnis
551 697 715 731 victimam

328 747 475 777 mactans
501 754 561 786 per
587 746 828 787 abstinentiam,

329 794 578 825 conversatione

328 850 423 881 quam
450 841 542 881 prius
569 841 697 881 obtulit,

325 891 402 928 post
426 889 459 920 in
485 890 648 930 passione,

861 139 929 175 291
981 160 1029 165 -—

938 239 997 273 3b.
1024 238 1155 280 Martyr
1181 238 1328 270 certabat

936 393 999 426 4b.

938 545 997 579 5b.

939 698 999 733 6b.

1027 287 1190 321 Christum
1218 285 1409 325 confitendo,

1026 338 1130 367 tortor
1155 335 1343 368 cruciando.

1027 393 1111 425 Nam
1136 393 1256 433 gaudet
1279 392 1402 424 conteri

1028 440 1222 473 contrariam
1251 440 1314 472 sibi

1027 497 1167 530 carnem,
1194 489 1319 529 pigram
1345 489 1440 520 iussis
1466 488 1539 529 Dei,

1027 545 1105 578 Cum
1134 546 1249 586 quibus
1276 555 1339 577 non
1365 545 1509 577 habebat

1025 594 1079 625 hic
1104 602 1229 635 pacem,
1260 594 1319 626 sed
1343 594 1418 626 illos
1444 593 1566 626 occidit

1027 642 1135 682 gladio
1163 642 1296 675 Christi.

1028 699 1128 738 Quam
1154 699 1273 731 reddes
1297 699 1403 742 militi,

1026 745 1133 778 fidelis
1160 747 1300 790 Christe,
1326 746 1417 779 fideli

1025 794 1179 826 membris
1207 798 1238 826 et
1265 795 1394 835 capillis

1025 842 1089 873 iam
1116 851 1180 874 non
1208 843 1453 882 corrumpendis

1026 898 1160 922 numero
1187 890 1337 923 redditis.

630 948 661 979 7.
689 947 728 980 In
752 947 842 979 cuius
865 947 1028 988 triumpho

689 995 760 1027 laus
787 995 830 1027 sit
855 995 926 1039 tibi,
954 995 1103 1036 Domino,

690 1053 750 1084 pro
777 1046 810 1075 te
836 1044 989 1076 certantis
1015 1043 1185 1078 fortitudo.

305 1099 518 1136 Fragmentum
543 1101 678 1129 Missalis
709 1110 763 1130 ms.
793 1102 926 1129 incertae
953 1102 1078 1138 originis
1108 1109 1185 1129 saec.
1209 1099 1254 1128 12.
1290 1100 1357 1128 add.
1388 1108 1464 1128 saec.
1493 1098 1567 1129 ¹²113.

324 1138 520 1167 Selestadien.
546 1137 600 1167 136
620 1137 726 1176 (1181).

704 1224 772 1256 338.
802 1224 847 1256 De
866 1232 927 1256 uno
949 1224 1092 1256 Doctore.

325 1284 474 1318 Laudum
501 1295 598 1318 sonos
626 1287 813 1327 exaltemus,

327 1333 490 1366 Chordam
510 1335 619 1367 cordis
638 1336 869 1368 concordemus

375 1382 473 1415 Dulci
499 1384 588 1416 vocis
614 1384 757 1425 modulo,

326 1450 566 1490 Repraesentat
590 1460 747 1492 praesens
776 1451 844 1483 dies

324 1498 431 1539 Diem,
459 1500 492 1531 in
520 1508 583 1539 qua
608 1508 687 1531 vera
711 1499 812 1542 quies,

375 1547 461 1579 Vera
487 1547 660 1580 retributio

328 1614 450 1656 Magne
478 1615 592 1648 doctor
618 1616 810 1656 Augustine,

327 1664 467 1696 Amator
492 1664 574 1704 legis
602 1664 742 1707 divinae,

374 1711 447 1744 Lux
474 1711 603 1753 fulgens
629 1713 796 1755 ecclesiae,

327 1778 417 1811 Arca
442 1779 534 1822 legis,
564 1788 619 1811 vas
644 1780 814 1822 pigmenti,

327 1828 449 1860 Contra
473 1827 604 1860 morbos
625 1837 683 1860 vas
700 1829 867 1870 unguenti,

374 1875 523 1918 Gregori,
551 1885 587 1909 os
612 1886 757 1918 aureum,

327 1944 372 1978 Ut
397 1944 491 1978 Elias
517 1945 600 1977 nulli
626 1954 774 1986 parcens,

324 1993 383 2026 Vir
400 1993 565 2033 Ambrosi,
593 2003 726 2035 magnos
752 2003 867 2027 arcens

372 2042 543 2076 Obviando
571 2043 707 2082 crimini,

327 2109 472 2152 Culpans
499 2111 611 2151 culpas
639 2111 712 2143 dum
731 2109 865 2152 fugaris,

321 2160 430 2192 Antra
456 2160 551 2200 petis,
581 2168 642 2191 nec
667 2159 823 2200 turbaris,

370 2208 431 2241 Vir
458 2209 572 2241 doctor
598 2209 781 2249 Ieronyme,

324 2277 391 2310 Hic
413 2277 550 2310 lucerna
575 2276 616 2309 ad
643 2276 828 2317 lucendum,

319 2326 432 2358 Nubes
459 2326 523 2358 iste
549 2326 590 2360 ad
617 2324 821 2358 fundendum

369 2375 465 2407 Nunc
478 2383 597 2418 rorem,
615 2383 701 2406 nunc
709 2374 863 2416 pluviam,

940 1286 998 1320 Ib.

936 1450 997 1483 ab.

937 1614 996 1648 3b.

937 1779 997 1813 4b.

937 1944 995 1978 5b.

936 2109 994 2143 6b.

936 2274 995 2307 7b.

1026 1286 1081 1318 Ad
1108 1286 1312 1326 psallendum
1340 1286 1479 1318 creatori

1028 1335 1078 1368 Sit
1103 1336 1228 1366 intenta
1254 1343 1330 1366 cura
1357 1334 1446 1366 chori

1074 1383 1151 1424 Ore,
1179 1383 1278 1415 corde
1303 1383 1426 1415 sedulo.

1024 1450 1086 1482 Est
1112 1451 1238 1482 doctori
1263 1453 1339 1490 post
1362 1450 1508 1482 laborem

1024 1498 1121 1539 Data,
1150 1499 1239 1530 cuius
1262 1499 1304 1530 ad
1331 1498 1485 1530 honorem

1072 1547 1201 1579 Psallat
1228 1547 1292 1579 ista
1318 1547 1434 1579 contio.

1023 1614 1132 1655 Fugas
1158 1614 1278 1654 hostes,
1310 1623 1389 1655 quos
1416 1617 1448 1646 et
1473 1612 1562 1654 feris,

1023 1663 1161 1695 Mittens
1187 1663 1263 1704 tela,
1291 1671 1351 1703 per
1380 1671 1462 1703 quae
1487 1663 1566 1694 teris

1072 1711 1225 1743 Inimicos
1252 1711 1388 1752 gratiae.

1024 1779 1143 1811 Botrus
1163 1778 1272 1820 Cypri,
1299 1787 1414 1820 gerens
1432 1788 1565 1821 merum,

1025 1828 1094 1867 Quo
1120 1827 1275 1868 gaudium
1296 1828 1414 1859 mentis
1441 1837 1565 1869 verum,

1073 1876 1116 1909 Os
1145 1875 1327 1908 diffundens
1352 1877 1467 1909 oleum.

1023 1942 1137 1976 Infans
1164 1946 1312 1976 sanc-tum
1337 1946 1371 1975 te
1395 1946 1543 1988 testatur,

1024 1993 1116 2026 Idem
1125 1995 1310 2025 monstrans
1323 1992 1397 2024 dum
1407 1993 1566 2026 clamatur

1073 2041 1242 2082 Torquens
1269 2040 1379 2073 hostes
1405 2041 1519 2075 limini.

1026 2108 1165 2141 Carnem
1193 2108 1305 2141 domas
1330 2109 1516 2152 ieiunando,

1024 2156 1143 2190 Studes
1169 2157 1274 2198 legem
1302 2157 1511 2201 declarando,

1072 2206 1294 2248 Interpretum
1317 2206 1467 2239 maxime.

1023 2274 1088 2306 Hic
1113 2283 1173 2315 per
1197 2273 1298 2307 fidem
1314 2284 1373 2307 nos
1393 2275 1565 2315 conducat,

1023 2323 1207 2356 Praecedat
1231 2332 1290 2356 nos
1318 2326 1348 2355 et
1374 2323 1509 2356 inducat

1072 2372 1126 2405 Ad
1152 2372 1281 2405 beatam
1306 2372 1458 2412 patriam.

243 2444 246 2447 ·
301 2430 441 2467 Sequent.
463 2441 517 2460 ms.
541 2433 707 2469 Campense
728 2432 800 2459 anni
824 2428 907 2458 1462.
948 2429 1019 2458 Cod.
1039 2429 1262 2458 Darmstadien.
1284 2426 1349 2456 521.
1371 2443 1408 2447 —
1427 2428 1495 2466 Vgl.
1517 2428 1567 2455 die

220 2469 358 2507 Sequenz
379 2471 515 2499 Sancti
535 2473 625 2499 visu
646 2471 885 2504 columbino,
908 2469 957 2497 die
976 2477 1036 2496 von
1057 2465 1102 2496 3a
1120 2476 1159 2495 an
1174 2470 1230 2496 mit
1243 2468 1340 2496 dieser
1353 2467 1501 2495 identiseh
1516 2467 1564 2494 ist.

1331 2513 1388 2545 19*
