1656 2690
706 147 969 181 —226—

187 242 248 274 6a.
275 240 340 272 Sed
368 240 532 273 declinant
557 251 576 274 a
600 242 763 274 mandatis
883 243 944 277 6b.
970 245 1024 276 Ad
1049 245 1218 286 Agaunum
1246 243 1283 276 fit
1307 251 1464 283 secessus,

270 288 505 321 Exsecrandae
527 290 700 329 potestatis
968 291 1032 324 Ubi
1057 297 1150 332 grata
1175 301 1210 324 se
1235 299 1383 323 recessus

319 335 440 368 Summi
466 337 552 377 regis
578 337 684 377 acies;
1014 339 1140 372 Obtulit
1163 339 1328 380 planitieS.

208 423 272 455 7a.
300 422 404 455 Audit
431 423 552 456 Caesar
577 424 736 464 legionem
905 426 923 457 ’7
932 425 964 458 b.
991 426 1143 466 Temptat
1174 427 1299 456 mentes
1321 424 1503 466 immutare,

295 471 576 512 Praetergressam
612 472 811 503 sanctionem
991 473 1055 505 Sed
1081 482 1143 504 non
1174 475 1287 504 norant
1314 471 1474 504 fluctuare

345 518 528 552 Decretalis
553 520 653 563 regii3
1038 520 1222 553 Firmitatis
1247 519 1317 552 filii.

208 605 268 639 8a.
295 605 340 638 Et
366 609 549 647 contempto
574 605 674 638 verbo
700 606 786 647 regis
905 607 965 641 8b.
990 607 1115 639 Poenas
1147 607 1223 639 tulit
1247 616 1364 639 saevae
1380 607 1505 648 mortis,

295 654 487 687 Decimatur
513 655 618 687 sancti
643 654 749 696 gregis
894 654 900 660 '
990 655 1091 695 Quem
1115 656 1240 688 invenit
1267 655 1358 688 dirae
1382 656 1480 689 sortis

343 703 424 735 Tam
449 704 517 736 lata
541 703 720 745 possessio3
1038 704 1142 736 Facta
1166 704 1337 736 revolutio.

209 790 269 823 9a.
296 790 504 824 Revocantur
527 791 644 823 iterum
902 789 962 824 9b.
990 790 1055 823 Sed
1081 791 1266 823 mandatum
1293 791 1467 832 spernitur,

293 838 348 870 Ad
374 840 557 871 ministrum
583 839 753 881 scelerum,
987 838 1031 871 Et
1057 839 1166 871 statim
1191 839 1371 871 recurritur

344 886 398 919 Ad
424 896 531 928 regem
558 887 722 927 nequitiae
1035 887 1090 919 Ad
1114 887 1206 927 prius
1230 885 1398 930 flagitium,

343 934 498 967 Caelestis
523 935 659 967 militiae
1032 935 1157 967 Rursus
1183 935 1283 967 sentit
1308 935 1452 976 gladium

392 984 508 1017 Castra
531 983 728 1016 beatissima.
1084 983 1235 1024 Legionis
1263 983 1398 1017 decima.

182 1071 224 1103 10
235 1079 265 1103 a.
291 1070 498 1103 Revoeantur
522 1079 583 1102 nec
607 1071 790 1110 vincuntur,
875 1070 959 1103 1012.
983 1069 1072 1110 Ergo
1099 1072 1230 1102 cunctos
1248 1079 1334 1102 mors
1352 1070 1499 1110 involvit,

292 1117 366 1157 Sed,
387 1127 448 1159 quo
466 1119 569 1159 magis
583 1119 804 1159 impelluntur,
987 1117 1062 1158 Sed,
1081 1120 1118 1149 ut
1136 1127 1246 1150 verum
1263 1118 1386 1161 loquar,
1403 1118 1503 1150 solvit

340 1164 460 1199 Maiori
488 1169 577 1199 stant
601 1167 756 1207 pondere.
1035 1166 1080 1199 Ut
1105 1167 1230 1198 vinctos
1258 1166 1298 1198 de
1325 1174 1467 1199 carcere.

178 1253 217 1286 11
231 1263 260 1287 a.
290 1252 377 1286 Gens
403 1258 535 1294 peracto
560 1254 684 1286 scelere
874 1253 916 1286 11
926 1253 957 1285 b.
985 1253 1010 1285 O
1037 1253 1107 1292 quis
1132 1252 1223 1284 locus
1251 1252 1366 1295 epulis,

291 1301 330 1333 In
356 1305 541 1334 sanctorum
567 1300 682 1334 funere
985 1300 1071 1333 Dum
1096 1303 1221 1341 strages
1248 1300 1281 1332 in
1308 1300 1410 1332 oculis

289 1349 337 1382 Ut
361 1352 476 1389 potens
501 1350 536 1382 in
559 1358 658 1390 opere
985 1348 1067 1381 Dum
1092 1348 1220 1389 sanguis
1246 1348 1279 1380 in
1305 1348 1443 1389 poculis,

340 1397 491 1430 celebrat
518 1398 708 1430 convivium.
1033 1397 1113 1437 Quid
1142 1397 1194 1429 vel
1212 1397 1309 1436 quale
1327 1397 1497 1437 gaudium!

180 1484 223 1517 12
235 1493 263 1518 a.
290 1484 402 1516 Victor
426 1485 499 1517 viae
523 1485 595 1526 lege
622 1485 736 1517 ductus
872 1484 955 1519 1210.
982 1484 1154 1524 Invitatur,
1181 1484 1241 1516 sed
1266 1482 1434 1523 professus

291 1532 396 1564 Audit
421 1542 516 1566 voces
533 1533 590 1565 sed
608 1542 672 1565 non
687 1533 804 1574 luctus,
985 1531 1107 1564 Christi
1129 1540 1245 1564 nomen
1268 1535 1318 1563 est
1333 1532 1498 1573 ingressus

334 1580 400 1613 Ubi
424 1582 530 1614 luctus
555 1582 658 1622 rati0;
1032 1581 1172 1614 Mortem
1199 1589 1259 1622 pro
1287 1580 1444 1615 convivio.

181 1668 224 1701 13
235 1677 264 1701 a.
292 1668 317 1701 O
343 1667 460 1701 beatae
483 1668 618 1710 legionis
872 1667 955 1701 1310.
982 1667 1091 1701 Prosit
1118 1667 1221 1710 nobis,
1246 1667 1382 1708 speciali

336 1716 523 1750 venerandi
545 1717 721 1758 principes,
1033 1715 1110 1749 Cum
1144 1724 1201 1747 vos
1227 1716 1325 1748 laude
1351 1715 1495 1756 colimus,

287 1764 312 1797 Ο
339 1763 444 1798 felicis
469 1765 630 1807 passionis
984 1763 1062 1797 Cum
1088 1763 1205 1796 affectu
1230 1764 1364 1805 speciali

335 1813 443 1846 Electi
469 1813 660 1855 participes,
1031 1812 1099 1845 Nos
1125 1812 1217 1845 vobis
1243 1812 1430 1849 subicimus,

334 1861 502 1895 Exaudite
527 1862 693 1904 supplices
1032 1861 1077 1893 Et
1101 1870 1188 1893 nunc
1204 1870 1264 1902 per
1282 1870 1340 1893 vos
1358 1863 1500 1901 petimus

384 1911 563 1951 Impetrate
590 1910 729 1943 veniam.
1082 1910 1319 1951 sempiternam
1351 1910 1499 1950 gloriam.

244 1986 329 2014 Miss.
350 1995 404 2015 ms.
423 1987 610 2015 Belisianum
631 1995 709 2015 saec.
731 1984 777 2014 15.
813 1986 882 2014 Cod.
903 1986 1088 2014 Bruxellens.
1110 1984 1272 2014 9786—90.
1295 2001 1328 2004 —
1352 1986 1414 2014 Aus
1436 1986 1500 2014 der-

167 2025 270 2053 flelben
293 2025 398 2059 Quane
418 2026 505 2054 Anal.
525 2025 664 2054 Bolland.
685 2026 737 2060 VI,
760 2023 827 2054 377.

558 2120 627 2151 260.
659 2118 703 2151 De
723 2127 747 2151 s.
768 2118 918 2151 lllauritio
942 2120 975 2151 et
995 2118 1104 2152 Sociis.

176 2190 236 2222 la.
262 2188 392 2221 Laudes
419 2190 548 2223 Christo
576 2191 783 2223 decantemus
868 2190 927 2223 lb.
956 2190 1016 2229 Qui
1043 2191 1190 2222 vicerunt
1214 2190 1280 2222 vim
1306 2190 1448 2234 maligni,

261 2237 305 2269 Et
328 2237 362 2268 in
389 2238 516 2271 Christo
542 2247 750 2279 personemus
962 2239 1084 2271 Vivunt
1109 2238 1189 2281 Deo,
1216 2238 1287 2270 Deo
1315 2238 1403 2279 digni

311 2285 495 2327 Martyrum
520 2287 702 2327 sollemnia,
1006 2286 1107 2318 Sacra
1131 2295 1191 2326 per
1216 2286 1386 2326 martyria.

173 2366 234 2398 2a.
260 2363 380 2396 Messis
405 2365 508 2397 multa
529 2365 714 2406 trituratur,
871 2364 931 2397 2b.
957 2364 1122 2397 Decimati
1149 2363 1362 2406 decimantur,

261 2412 306 2444 Et
329 2415 456 2446 matura
480 2413 544 2445 iam
571 2413 715 2445 calcatur
958 2412 1006 2446 Ut
1029 2411 1161 2452 probati
1187 2412 1434 2448 conscribantur

308 2460 497 2495 Electorum
523 2462 630 2502 vinea,
1004 2460 1045 2492 In
1072 2460 1205 2493 caelesti
1230 2461 1326 2495 linea.
