1656 2690
203 220 267 253 82.
293 221 437 255 Ductrix
459 222 517 262 pia
541 222 639 264 vitae,

297 270 386 311 Tege
411 279 470 302 nos
496 279 517 302 a
539 270 599 302 lite

344 318 459 350 Noctis
485 318 518 350 in
546 319 671 357 exsilio,
1056 348 1365 357 ......

206 386 267 418 9a.
292 385 401 426 Alma,
905 389 965 423 9b.
992 390 1106 423 Palma

340 432 410 466 Iter
435 443 517 474 para
543 434 728 476 praevium;
1040 439 1140 480 Rege,
1165 438 1250 478 quod
1278 441 1327 470 est
1354 438 1494 471 devium.

996 300 1308 309 ......

183 502 265 535 lOa.
293 501 372 534 Tuis
397 502 603 535 adminiculis

343 550 431 584 offer
456 551 664 584 adminicula.

881 504 967 538 101).
996 505 1094 538 Salva
1118 514 1177 537 nos
1202 505 1369 546 periculis,

1041 553 1232 587 Praedulcis
1258 554 1397 586 ovicula.

181 617 224 651 11
237 628 267 653 a.
295 618 367 651 Duc
391 628 450 651 nos
475 619 564 659 illuc,
882 620 966 654 111).
992 621 1038 653 Et
1063 629 1125 662 quo
1150 621 1242 652 nulla

340 667 398 699 ubi
425 669 519 708 copia
1040 668 1079 701 fit
1102 668 1224 708 inopia.

182 734 226 767 12
237 743 267 767 a.
296 734 321 767 O
347 734 467 775 Maria,
882 736 968 770 121).
995 736 1099 769 Maris
1125 735 1188 776 via,

181 801 225 834 13
236 810 266 835 a.
293 801 451 842 Prodigia
882 803 968 837 1310.
996 805 1046 837 Tu
1070 812 1140 835 cum
1167 803 1223 843 pia

343 849 433 882 Caeli
458 851 627 884 harmonia
1041 852 1130 884 Loca
1154 860 1213 883 nos
1239 852 1366 892 sophia.

248 925 384 954 Oration.
411 936 465 955 ms.
488 928 654 965 Campense
682 929 753 955 anni
780 925 864 956 1462.
909 928 979 956 Cod.
1000 927 1221 956 Darmstadien.
1251 926 1318 956 521.
1345 943 1382 947 —
1412 928 1457 956 7a
1483 938 1512 956 u.

170 964 214 993 7b
240 966 422 1002 umgestellt.
452 981 487 985 —
516 966 568 1000 712,
589 965 607 994 2
634 966 708 994 Cum
734 967 785 994 sis.
811 982 850 985 —
877 965 949 1001 1312,
976 965 991 995 1
1018 968 1065 995 Tu
1090 966 1172 995 fehlt.
1201 981 1238 985 —
1265 966 1411 995 Einzelne
1437 967 1512 995 Ent-

170 1004 344 1041 lehuungen
364 1012 418 1032 aus
440 1004 751 1043 dernPfingstsequenz
774 1006 869 1042 „Veni
890 1009 992 1034 sancte
1010 1002 1152 1041 spiritus“
1177 1006 1320 1041 springen
1338 1014 1400 1034 von
1420 1006 1514 1034 selbst

168 1045 201 1071 in
222 1043 272 1071 die
292 1043 408 1080 Augen.
431 1059 468 1063 —-
488 1044 680 1072 Uberschrift
699 1045 732 1071 in
753 1044 805 1072 der
825 1045 881 1072 Hs.
904 1042 1045 1082 „Prosa“‚

627 1147 677 1180 84.
712 1147 756 1178 De
775 1147 877 1179 Beata
896 1147 1000 1179 Maria
1018 1148 1058 1180 V.

571 1220 601 1253 1.
629 1218 747 1252 Mundi
772 1219 942 1258 salvatriX,
969 1220 1088 1263 Maria,

178 1287 240 1320 aa.
268 1286 386 1319 Flores
411 1287 445 1318 in
474 1287 598 1327 duplici
624 1286 734 1328 palma

271 1335 352 1367 caeli
378 1344 477 1375 super
502 1336 648 1377 agmina:

883 1287 943 1320 2b.
973 1286 1118 1328 Corpore
1147 1287 1338 1328 glorificato,

971 1337 1188 1377 conregnante
1213 1335 1330 1370 anima.

178 1403 240 1437 3a.
268 1402 389 1435 Induta
414 1411 448 1434 es
475 1404 560 1435 stola
585 1403 662 1435 bina

268 1459 339 1482 cum
366 1452 499 1492 sanctis,
527 1452 642 1492 quibus

270 1499 418 1532 Christus
446 1500 540 1533 dedit
563 1499 760 1542 singularia:

879 1403 938 1436 ··:>'b.
966 1404 1087 1444 Fulges
1113 1402 1198 1434 sicut
1223 1403 1272 1435 sol
1298 1403 1411 1444 electa,

969 1451 1108 1492 pulchra
1132 1453 1167 1482 ut
1193 1451 1271 1483 luna

969 1509 1069 1540 supra
1095 1499 1177 1532 caeli
1201 1500 1386 1532 luminaria.

177 1569 238 1600 4a.
266 1567 384 1600 Omnes
411 1577 572 1609 rogamus,
880 1567 940 1601 4b.
968 1568 1044 1601 Una
1069 1567 1210 1600 omnium

265 1618 371 1648 mater
396 1617 463 1660 pia,
968 1625 1033 1649 vox
1059 1619 1110 1648 est
1132 1618 1257 1658 nostra,

266 1664 386 1705 Maria,
415 1666 457 1698 ad
970 1667 1008 1697 ut
1031 1665 1188 1705 impetres

267 1716 302 1745 te
327 1714 495 1754 suspirant
520 1717 634 1747 nostra
661 1714 780 1754 corda3
969 1723 1029 1755 pro
1055 1712 1150 1746 nobis
1177 1713 1377 1754 sempiterna

756 1782 787 1814 5.
815 1780 953 1815 Gaudia.

246 1858 374 1887 Missale
393 1859 562 1887 Rhemense
582 1860 653 1896 imp.
675 1858 798 1886 Rhemis
821 1856 905 1887 1553.
933 1873 972 1877 —
993 1856 1045 1894 3a,
1065 1856 1083 1886 3
1104 1858 1249 1894 singulas.
1269 1872 1308 1876 -⁷
1328 1856 1381 1894 410,
1403 1856 1423 1886 4
1442 1858 1518 1886 fehlt

170 1899 237 1927 eine
258 1897 353 1933 Silbe,
375 1900 452 1927 etwa
473 1899 527 1926 tu‘?

625 2002 672 2036 85.
703 2003 748 2035 De
771 2003 873 2036 Beata
894 2003 997 2035 lilaria
1019 2003 1056 2035 V.

881 2086 943 2119 11).
969 2086 1080 2118 Vitem
1104 2086 1239 2118 nectens
1263 2084 1390 2117 hedera

971 2134 1076 2167 Facta
1102 2135 1151 2166 est
1176 2131 1361 2175 fructifera,

176 2086 240 2121 la.
266 2085 371 2119 Novis
399 2086 521 2118 cedunt
545 2089 675 2119 vetera:

270 2134 385 2168 Celant
412 2138 521 2167 terrae
547 2135 674 2167 viscera

270 2183 404 2217 Caelum
432 2183 542 2215 celans
569 2187 688 2225 cetera,

321 2231 476 2265 Centrum
495 2232 619 2265 claudit
637 2232 812 2273 circulum3

179 2311 240 2344 2a.
269 2310 361 2343 Sicut
386 2310 464 2342 solis
486 2310 599 2342 radius

266 2360 423 2392 Penetrat
445 2358 597 2391 innoxius

266 2408 312 2440 Et
336 2407 456 2441 transit
481 2407 618 2440 ulterius

315 2457 381 2489 Per
406 2455 584 2489 fenestram
613 2457 761 2497 vitream,

225 2515 348 2545 Blume,
366 2516 518 2545 sequentiae
535 2516 657 2541 Ineditae.
688 2515 720 2540 V.

971 2183 1057 2216 Dum
1084 2182 1172 2222 cepit
1196 2191 1360 2223 puerpera

1020 2232 1129 2265 Verbo
1155 2230 1248 2264 verbi
1274 2232 1448 2265 surculum.

882 2310 945 2344 2b.
974 2310 1038 2349 Sic,
1065 2310 1163 2342 immo
1190 2308 1341 2342 subtilius

968 2359 1076 2391 Intrat
1100 2361 1132 2391 et
1158 2357 1290 2391 suavius

968 2408 1102 2441 Transit
1127 2406 1189 2438 Dei
1213 2406 1300 2439 filius

1018 2457 1083 2490 Per
1108 2455 1214 2489 aulam
1241 2455 1432 2496 virgineam.

1320 2511 1338 2540 6
