1656 2690
708 133 974 169 —167—

193 226 254 259 3a.
283 226 392 266 Lepra
417 226 510 268 fugit,
535 228 623 261 salus
651 231 756 272 datur,
903 231 962 267 3b.
989 232 1087 266 Miles
1112 232 1217 274 fortis,
1246 233 1431 277 Sunamitis‚

290 275 431 309 Claudus
453 276 554 320 vadit,
579 281 686 311 mutus
708 278 806 324 fatur,
991 281 1057 314 Nos
1083 282 1125 314 ad
1152 282 1253 322 pedes
1279 291 1376 316 verae
1402 283 1480 315 vitis

291 324 413 357 Caecus
440 324 539 365 videt,
568 334 654 359 mors
677 325 808 368 fugatur
988 330 1071 371 Due,
1098 333 1135 362 ut
1151 335 1267 373 tecum,
1295 331 1385 372 virgo
1405 332 1501 376 mitis,

339 371 477 405 Sanctae
502 372 596 406 Fidis
623 375 739 415 gratia.
1036 378 1211 411 Laetemur
1235 380 1268 412 in
1295 380 1409 423 gloria.

247 448 425 477 Passionale
438 457 492 477 ms.
507 459 531 478 s.
546 450 631 478 Fidis
644 451 826 480 Conchemis
842 461 919 481 saec.
935 451 978 480 11.
994 463 1038 482 ex.
1062 453 1132 482 Cod.
1148 455 1342 484 Selestadien.
1358 454 1394 484 95
1408 453 1506 492 (1187)

166 486 231 514 add.
254 495 331 514 saec.
356 484 400 515 13.
428 503 465 508 -—
494 488 722 527 Nachgetragen
743 492 785 518 ist
805 491 853 519 die
873 491 1010 529 Sequenz
1029 494 1069 521 im
1091 493 1297 522 Fideskloster
1321 504 1358 522 zu
1379 495 1506 523 Schlett-

166 525 254 553 stadt.
275 539 315 545 —
334 525 477 554 Melodie:
501 528 668 556 Verbum
691 529 826 558 bonum
850 533 885 558 et
906 539 1035 561 suave.

631 621 706 655 1189.
736 623 781 655 De
801 624 915 655 saneta
936 622 1021 655 Fide.

202 692 259 724 la.
288 692 366 724 Alta
391 701 471 725 voce
498 693 614 726 chorus
638 695 702 726 iste
905 695 963 729 lb.
991 695 1111 728 Sancta
1137 699 1202 738 tua,
1228 696 1302 729 Iesu
1329 697 1467 741 Christe,

338 740 442 773 Dulce
467 744 589 782 pangat
614 742 767 784 Alleluia,
1042 744 1275 777 Praeconizans
1301 746 1472 786 magnalia.

200 808 261 840 221.
288 807 459 841 Hodierna
484 818 623 849 namque
648 810 721 842 luce
901 812 959 845 21).
990 811 1067 844 Cum
1094 812 1225 852 tyranni
1251 812 1408 854 rugientis

292 856 387 897 Virgo
413 857 513 890 Fides
542 857 670 891 Christo
699 859 780 890 duce
985 859 1123 900 Poenas,
1150 860 1253 893 minas
1276 861 1310 893 in
1334 862 1504 894 tormentis

337 904 517 938 Dacianum
544 910 688 950 superat,
1036 908 1201 941 Patienter
1224 909 1353 942 tolerat.

199 973 261 1006 3a.
289 974 426 1006 Praeses
453 982 528 1014 ergo
554 973 719 1007 Dacianus
898 973 957 1007 ab.
986 973 1110 1008 Nomen
1137 986 1229 1009 suum
1254 979 1348 1018 rogat
1373 980 1480 1019 atque,

336 1022 549 1055 Praesentata
573 1023 699 1064 virgine
1033 1024 1099 1057 Sub
1127 1035 1189 1066 quo
1216 1025 1313 1066 degat
1339 1027 1469 1058 numine

385 1069 596 1103 Sanctissima
1083 1073 1317 1107 Pulcherrima.

198 1138 259 1170 4a.
287 1139 333 1170 At
357 1138 416 1170 illa
442 1146 513 1170 cum
540 1138 660 1171 fiducia
897 1139 957 1172 4b.
986 1139 1113 1173 Numen
1138 1141 1233 1174 Fidis
1259 1145 1308 1174 est
1332 1141 1483 1185 Messias,

285 1186 477 1227 Respondet
502 1187 531 1219 ei
556 1187 654 1220 talia:
983 1187 1073 1221 Deus
1098 1192 1193 1222 natus
1220 1199 1260 1222 ex
1285 1189 1403 1231 Maria,

198 1254 258 1286 5a.
286 1253 345 1293 Qui
372 1253 451 1286 feeit
475 1256 611 1299 aridam,
898 1256 957 1290 5b.
987 1256 1085 1289 Cuius
1113 1258 1228 1289 cuneta
1253 1257 1338 1299 regit

333 1302 454 1345 sidera,
482 1305 595 1344 maria,
1033 1306 1281 1349 omnipotentia3

284 1351 344 1391 Qui
371 1354 488 1384 cuncta
514 1353 660 1385 condidit
982 1353 1067 1393 Quos
1095 1357 1202 1387 autem
1229 1354 1346 1398 coliae,

331 1400 400 1432 sola
426 1401 613 1443 prudentia,
1032 1402 1089 1443 dii,
1115 1406 1189 1435 sunt
1217 1403 1396 1438 daemonia.

194 1467 254 1501 6a.
282 1468 368 1500 Dum
394 1468 495 1501 Fides
518 1470 583 1503 ista
608 1470 752 1511 loquitur
895 1471 955 1503 6b.
984 1470 1178 1510 Gratamque
1203 1470 1295 1502 iubet
1320 1479 1448 1504 aeream

281 1516 445 1550 Dacianus
471 1517 642 1560 irascitur3
982 1518 1096 1551 Parari
1122 1521 1219 1560 atque
1243 1517 1441 1562 flammeam;

332 1565 357 1598 Ο
383 1566 552 1608 impietas!
1029 1568 1054 1601 O
1082 1567 1280 1600 crudelitas!

197 1634 256 1666 721.
284 1635 323 1667 In
347 1634 409 1666 hae
435 1644 510 1675 ergo
537 1635 695 1668 eraticula
894 1635 952 1669 71).
981 1635 1153 1668 Servorum
1179 1636 1389 1669 inelementia

285 1682 442 1715 Versatur
466 1682 530 1715 Dei
557 1683 688 1718 famula.
983 1683 1171 1724 Exasperat
1196 1684 1357 1719 incendia.

193 1751 253 1785 Sa.
283 1750 413 1784 Gaudet
438 1751 556 1784 victrix
581 1751 752 1785 iuvencula
894 1752 953 1786 8b.
983 1751 1221 1785 Combustionis
1254 1780 1257 1786 .
1290 1783 1296 1786 .
1326 1780 1332 1786 .

286 1801 376 1833 Inter
400 1802 493 1833 tanta
513 1800 662 1841 patibula
982 1797 1041 1846 [O]
1068 1804 1189 1841 quanta
1213 1801 1395 1834 mirabilia!

192 1872 211 1902 9
226 1877 255 1901 a.
286 1868 443 1903 Columba
468 1877 586 1910 nempe
612 1869 753 1903 candida
899 1869 960 1903 9b.
987 1869 1153 1902 Flammas
1180 1869 1339 1911 extinguit
1363 1872 1477 1902 tenera

279 1917 458 1959 Nubesque
481 1927 558 1950 rore
581 1916 685 1951 fluida
983 1918 1080 1952 Circa
1104 1918 1241 1960 virginis
1264 1918 1381 1953 latera.

171 1987 212 2020 10
224 1995 252 2019 a.
281 1987 332 2019 Ita
355 1985 439 2019 fides
465 1996 544 2020 vera
568 1986 662 2020 Fidis
871 1987 954 2021 10b.
982 1986 1100 2020 Sanam
1126 1989 1237 2020 servat
1263 1989 1295 2018 et
1319 1990 1452 2019 acervat

331 2036 429 2069 Fidei
454 2036 670 2069 constantiam
1030 2036 1186 2076 Magnam
1211 2034 1275 2067 sibi
1301 2035 1449 2078 gloriam.

170 2105 253 2139 lla.
282 2104 347 2138 Sed
373 2108 450 2145 post
474 2107 626 2138 truncata
647 2105 758 2147 gladio
870 2105 952 2139 111).
979 2104 1025 2137 Et
1051 2112 1129 2138 voce
1153 2103 1221 2145 iugi
1245 2103 1420 2136 Dominum

281 2154 363 2188 Cum
389 2154 484 2187 beato
512 2153 669 2195 Caprasio
981 2152 1113 2186 Laudat
1134 2152 1171 2185 in
1197 2152 1294 2186 choro
1320 2153 1483 2195 virginum

280 2203 402 2236 Christi
427 2211 565 2243 sequens
589 2203 728 2246 vestigia
980 2202 1231 2243 Martyrumque
1255 2211 1316 2242 per
1340 2203 1470 2244 agmina

279 2252 404 2293 Migrat
429 2252 505 2285 hine
530 2253 573 2285 ad
600 2252 772 2297 caelestia3
981 2251 1075 2285 Nova
1102 2253 1278 2291 concrepat
1303 2252 1457 2284 earmina.

168 2321 251 2354 1222.
279 2321 368 2361 Ergo
393 2321 482 2353 laeta
509 2321 615 2354 contio
869 2320 952 2354 121).
984 2320 1068 2353 Voce
1095 2327 1167 2352 cum
1192 2320 1346 2361 organica

281 2371 413 2403 Promat
438 2379 510 2403 oum
535 2371 681 2410 tripudio
980 2368 1076 2402 Nova
1102 2371 1236 2401 cantans
1263 2369 1389 2401 cantica

278 2418 474 2460 'Mellieaque
500 2419 704 2461 symphonia,
977 2418 1181 2458 voluptuosa
1207 2419 1358 2450 neumata

280 2467 407 2508 Quanta
424 2472 500 2501 sunt
516 2468 598 2502 haec
615 2468 795 2503 sollemnia.
980 2466 1093 2500 Solvat
1117 2468 1223 2499 mater
1249 2466 1395 2498 ecelesia.
