1656 2690
650 120 914 158 -175—

541 245 601 277 197.
636 246 680 277 De
704 246 814 278 saneto
839 244 1034 286 Gengulpho.

129 328 190 360 la.
218 327 387 360 Maiestati
411 331 640 360 sacrosanctae
826 328 884 362 ib.
912 328 982 361 Deo
1006 328 1104 369 patri,
1133 327 1202 360 Deo
1227 331 1314 366 nato,

216 375 364 407 militans
391 384 462 407 cum
492 375 715 416 triumphante
913 376 983 408 Deo
1007 374 1130 408 flamini
1155 376 1251 409 beato

265 423 387 455 lubilet
411 424 568 468 ecclesia3
962 424 1013 456 Sit
1036 425 1117 468 laus,
1145 425 1258 465 honor,
1287 424 1400 465 gloria.

130 504 192 534 2a.
221 500 321 534 Trino
347 501 417 533 Deo
443 502 546 534 honor
573 512 663 543 unus,
826 501 885 535 2b.
915 501 975 540 Qui
1000 504 1033 534 in
1063 501 1204 543 Christo,
1232 510 1310 534 vera
1335 503 1411 546 vite,

217 549 283 582 Uni
309 550 430 582 trinum
455 550 563 583 laudis
589 559 704 583 munus
916 550 997 582 Suos
1024 558 1102 582 suae
1127 554 1219 590 aptat
1247 551 1332 583 vitae

268 598 395 632 Cuncta
419 599 463 631 sit
486 607 547 639 per
570 600 710 639 saecula,
962 598 1118 631 Palmites
1145 599 1297 639 agricola,

131 678 188 710 321.
215 675 634 716 Iuterquoshuncsanctum
645 677 758 715 virum,
828 674 887 708 3b.
914 675 1014 715 Quem
1050 676 1212 707 excultum
1239 678 1271 707 et
1295 675 1460 708 suffultum

220 724 297 756 Vita
323 726 356 756 et
381 724 504 766 virtute
525 725 652 762 mirum,
917 723 970 755 Ad
983 722 1152 755 ferendum
1166 722 1308 756 fructum
1324 723 1460 756 multum

269 771 496 813 Gcngulphum
523 772 681 812 excoluit3
968 771 1063 803 Vitae
1087 771 1164 804 vitis
1191 771 1303 805 tenuit.

131 852 191 883 4a.
218 849 270 882 Ex
296 850 463 889 primaevo
489 850 576 882 vitae
600 848 681 882 flore
829 847 889 882 41).
918 847 1029 888 Surgit
1053 848 1087 881 in
1112 849 1217 880 virum
1243 847 1436 889 perfectum,

218 897 314 938 Fide,
342 907 414 939 ope,
441 907 534 931 sacro
559 907 642 940 rorer
919 896 1039 929 Christi
1073 905 1207 929 servans
1232 897 1297 929 iter
1322 901 1458 940 rectum,

269 947 390 980 Plenus
417 946 524 979 fructu
550 948 683 988 gratiae,
967 943 1121 978 Semitam
1147 945 1301 979 iustitiae.

133 1028 194 1058 5a.
220 1024 341 1057 Mirum
372 1024 477 1057 dictu:
507 1027 660 1057 uxoratus
832 1022 890 1057 5b.
919 1022 993 1056 Non
1020 1026 1069 1055 est
1093 1023 1143 1055 his
1168 1023 1373 1064 illaqueatus,

222 1072 330 1112 Miles,
359 1073 449 1105 clara
473 1073 577 1113 stirpe
602 1076 701 1113 satus,
921 1070 984 1103 Sed
1011 1072 1045 1103 iu
1070 1071 1191 1104 mundo
1218 1074 1427 1105 conversatus

270 1121 471 1154 Redundans
500 1121 633 1161 divitiis,
966 1119 1110 1152 Mundus
1135 1119 1257 1161 absque
1282 1120 1381 1154 vitiis.

135 1201 154 1233 6
169 1210 197 1231 a.
225 1199 374 1232 Militans
399 1198 517 1239 Pipino
544 1199 613 1239 regi
834 1197 893 1232 δί).
921 1197 1052 1239 Quiper
1062 1197 1159 1231 fidem
1173 1196 1331 1231 transfert
1342 1197 1464 1231 fontem

225 1247 346 1280 Christi
372 1247 458 1287 regis
483 1248 586 1280 servit
610 1248 674 1288 legi
920 1245 1462 1288 Etperfontemmonstratsontem

272 1296 330 1327 Vir
356 1296 478 1328 virtute
503 1297 651 1339 inclitus3
968 1295 1137 1328 Feminam
1165 1295 1330 1337 divinitus,

134 1376 193 1408 7a.
222 1374 323 1414 Quam
348 1375 381 1405 in
408 1374 471 1406 viri
498 1376 603 1407 armat
627 1377 761 1406 mortem
834 1374 891 1406 7b.
920 1373 1032 1407 Saevit
1056 1373 1169 1414 hostis,
1197 1373 1372 1414 sauciatur,

222 1423 321 1456 Satan
348 1431 426 1455 suae
449 1431 510 1463 per
536 1425 718 1456 consortem
921 1421 1051 1462 Martyr
1077 1421 1156 1463 obit,
1183 1422 1293 1462 palma
1320 1422 1416 1454 datur

272 1470 441 1504 Hominem
468 1471 622 1504 malitiae.
969 1469 1015 1503 Et
1040 1478 1158 1503 corona
1183 1471 1316 1511 gloriae.

136 1550 195 1583 Sa.
222 1550 333 1582 Poena
358 1558 431 1582 reos
458 1548 642 1593 comitatur,
834 1550 882 1583 8b
920 1549 980 1588 Qui
1005 1549 1039 1580 in
1067 1549 1164 1581 caelis
1190 1557 1275 1581 nunc
1299 1549 1441 1582 laetatur

226 1598 336 1630 Virtus
363 1598 467 1630 sancti
496 1598 681 1631 declaratur
921 1596 966 1630 Et
991 1597 1024 1629 iu
1050 1597 1147 1630 terris
1174 1597 1352 1630 honoratur

273 1646 380 1687 Signis
408 1649 440 1679 et
464 1646 636 1688 prodigiis,
971 1646 1010 1678 111
1037 1644 1158 1679 Christi
1185 1646 1343 1679 ecclesiis.

138 1726 200 1759 921.
229 1725 379 1759 Christus
405 1734 481 1766 ergo
507 1725 712 1766 imploretur,
836 1725 897 1758 eb.
925 1725 1000 1757 lesu
1024 1724 1120 1764 bone,
1144 1724 1234 1756 cuius
1262 1725 1350 1757 dona

224 1774 270 1808 Ut
296 1777 371 1815 post
394 1774 468 1807 viae
493 1783 620 1806 cursum
649 1773 744 1806 detur
925 1772 1049 1806 Nostra
1073 1772 1169 1812 bona,
1197 1773 1251 1813 qui
1279 1781 1398 1805 corona

274 1822 376 1855 Nobis
402 1823 490 1856 vitae
516 1822 673 1856 bravium.
973 1821 1020 1855 Es
1045 1824 1230 1854 sanctorum
1255 1822 1407 1861 omnium,

129 1903 172 1936 io
183 1902 329 1935 a.Huius
355 1901 462 1934 sancti
487 1904 602 1933 sancta
628 1909 728 1941 prece
833 1899 994 1935 lOb.Fae
1025 1908 1085 1933 nos
1117 1900 1233 1940 patris,
1260 1898 1314 1933 fac
1340 1909 1398 1932 nos
1423 1899 1472 1931 tui

226 1953 256 1983 A
281 1951 410 1991 peccati
435 1951 557 1983 munda
581 1948 672 1982 faece
927 1948 971 1982 Et
998 1949 1117 1982 amoris
1144 1950 1228 1981 sacri
1255 1947 1321 1980 frui

270 1999 315 2032 Et
342 2009 361 2032 a
387 1999 499 2033 mundi
524 1998 649 2043 scoria3
978 1998 1184 2039 sempiterna
1209 1996 1323 2039 gloria.

204 2076 294 2106 Grad.
315 2086 370 2105 ms.
392 2077 638 2114 Aquisgranense
652 2076 724 2104 anni
739 2072 822 2104 1330.
858 2075 930 2104 eod.
947 2074 1045 2112 Capit.
1060 2074 1279 2111 Aquisgranen.
1295 2073 1361 2101 XV.
1378 2073 1412 2101 A.
1438 2087 1472 2092 ——-

126 2116 210 2145 Miss.
231 2124 287 2144 ms.
310 2115 489 2145 Coloniense
510 2124 588 2144 saec.
612 2113 656 2143 15.
694 2115 756 2143 Cod
786 2115 1007 2143 Darmetadien.
1028 2111 1088 2142 874
1106 2114 1168 2149 (cfr.
1182 2112 1271 2147 Roth,
1289 2110 1362 2148 121).
1377 2113 1411 2141 B.
1435 2127 1473 2132 —-

127 2155 179 2188 4a,
206 2153 224 2183 2
249 2155 324 2185 Fide
355 2164 409 2193 spe
439 2164 524 2184 sacro
556 2163 658 2183 amore
685 2155 717 2182 B.
751 2171 788 2175 —
819 2154 952 2182 Melodie
982 2154 1030 2182 die
1059 2153 1110 2181 der
1135 2151 1472 2189 Drei-Konigssequenz

127 2195 267 2232 gleichen
287 2195 449 2231 Anfanges.

582 2289 644 2322 198.
680 2289 724 2321 De
747 2289 856 2320 saneto
880 2286 1023 2328 Georgio.

142 2367 198 2398 ia.
226 2364 322 2396 Diem
348 2366 497 2396 sanctum
523 2362 658 2403 Georgii
843 2361 903 2394 ib.
931 2360 1012 2394 Cum
1039 2359 1211 2400 chorisque
1236 2358 1426 2400 angelorum

228 2412 382 2452 passione
407 2410 531 2445 Christi
931 2410 1091 2442 laetantes
1116 2408 1277 2449 simulque

228 2461 327 2495 laude
351 2469 504 2495 canamus
532 2467 643 2493 omnes
933 2460 965 2491 et
988 2459 1176 2491 sanctorm
1201 2456 1394 2498 gaudentes.
