1656 2690
162 230 221 262 8a.
251 228 361 262 Omnis
387 236 462 268 ergo
484 230 597 260 nostra
622 227 727 259 contio

250 277 355 317 patris
381 278 512 308 aeterno
537 273 603 307 filio

295 325 409 357 laudes
434 324 560 360 recitat,

162 393 222 425 9a.
250 391 511 432 Suppliciterque
537 391 700 433 deposcat,

251 441 318 472 eius
343 440 399 479 pia
419 439 588 471 clementia

136 509 179 541 10
190 517 218 539 a.
246 508 326 549 Ave,
353 505 433 539 felix
458 507 548 547 virgo

246 563 385 596 semper,
411 554 529 595 Maria,

244 603 403 644 praecelsi
428 604 512 645 regis
537 602 643 643 ianua,

139 671 178 704 11
193 679 222 702 a.
248 670 360 705 Ubere
384 671 478 702 beato

248 720 374 752 laetans
398 718 571 751 Dominum

250 768 435 808 angelorum
449 768 629 808 replentem
643 767 759 798 omnia.

135 836 178 869 12
189 844 218 867 a.
244 835 291 868 Ut
316 836 370 875 qui
394 834 582 876 temporalis

248 879 346 927 [eius]
372 883 551 916 nativitatis

246 932 516 966 Concelebramus

248 980 506 1021 sollemnitatem,

248 1029 331 1060 vitae
356 1028 535 1069 praesentis
563 1027 728 1060 commoda

137 1097 180 1129 13
193 1105 221 1127 a.
250 1095 389 1128 Caterva
414 1095 500 1128 dicat
522 1098 643 1136 nostra,

853 227 913 261 8b.
942 227 1036 260 Casta
1063 227 1115 267 qui
1143 226 1183 259 de
1207 227 1312 258 matre
1337 225 1439 257 voluit

939 275 1040 318 nasci,
1067 284 1145 316 quos
1172 273 1294 307 creavit
1321 272 1396 305 visi-

986 324 1085 356 tando
1111 323 1285 365 miserans3

852 391 911 423 ab.
938 389 1042 423 Huius
1069 390 1135 422 diei
1156 393 1193 423 ut
1218 390 1315 422 donet

939 437 1066 479 perfrui
1092 447 1150 470 nos
1176 438 1311 471 laetitia.

829 506 911 539 lob.
939 506 988 538 Tu
1014 505 1140 538 vocaris
1166 506 1262 537 stella

940 553 1039 586 maris
1066 556 1098 585 et
1122 554 1194 586 iure

940 602 1038 634 totius
1065 601 1153 634 orbis
1181 601 1319 634 domina.

829 671 870 704 11
880 670 910 702 b.
941 670 1139 710 Quaesumus
1163 665 1228 715 [te]
1253 669 1318 703 iam
1343 678 1439 709 nunc,

940 721 1050 751 nostra
1077 717 1156 751 offer
1180 722 1215 750 tu

940 770 1015 799 vota
1039 767 1146 808 genito
1172 775 1271 807 super
1296 766 1440 806 aethera,

829 834 911 868 1210.
939 834 994 867 Sic
1018 843 1104 868 nunc
1129 843 1367 875 percurramus,

938 885 975 915 ut
999 884 1185 925 angelorum
1212 883 1319 916 choris

940 932 1124 965 Consoeiati

939 980 1099 1013 suavitate

938 1028 1053 1061 melica
1077 1037 1161 1060 nova
1186 1028 1312 1061 cantica

829 1095 913 1129 1310.
942 1096 1103 1129 Concordi
1128 1104 1207 1128 voce
1237 1095 1396 1130 olamans:

674 1162 729 1195 14.
756 1162 909 1196 Alleluia.

203 1227 290 1256 Grad.
311 1236 365 1255 ms.
385 1227 556 1255 Bobbiense
576 1236 653 1256 saec.
675 1226 718 1255 12.
754 1227 824 1256 Ood.
839 1229 999 1256 Taurinen.
1020 1228 1044 1256 F
1058 1229 1101 1257 IV
1123 1226 1167 1257 18.
1182 1230 1217 1257 A.
1240 1244 1276 1249 ——
1297 1227 1350 1263 2b,
1375 1229 1389 1257 1
1412 1238 1455 1266 sq.

125 1275 177 1294 suo
194 1268 279 1303 gregi
292 1266 500 1302 praetendunt.
524 1281 563 1286 —
585 1264 638 1301 6a,
655 1264 673 1292 2
686 1266 811 1303 pulchra
823 1267 927 1295 mundi
940 1267 1087 1295 machina.
1108 1282 1147 1286 —
1167 1267 1220 1301 ¹?a,
1232 1266 1253 1295 4
1265 1269 1403 1304 gloriam.
1417 1284 1456 1288 —

125 1303 176 1340 912,
204 1304 218 1333 1
246 1306 339 1333 donos
359 1304 401 1341 (l).
429 1319 468 1324 ——
494 1304 562 1338 lla,
586 1304 600 1332 1
628 1308 661 1332 tu
687 1305 784 1333 beato.
815 1320 851 1325 —
878 1303 948 1340 12a,
972 1304 986 1333 1
1007 1305 1051 1334 Ut.
1078 1306 1157 1343 quid.
1183 1323 1220 1326 —
1248 1304 1317 1340 12:21,
1338 1304 1356 1334 3
1380 1308 1455 1336 Con-

125 1344 316 1372 celebremus.
337 1358 374 1363 -
397 1341 467 1377 121),
489 1342 504 1371 1
526 1352 605 1371 nune
624 1343 706 1372 fehlt.

572 1428 598 1459 9.
629 1427 665 1459 111
684 1427 861 1460 Ἶειῒίνίῒπθ
881 1427 1013 1460 Domini.

136 1490 194 1522 la.
223 1488 308 1521 Puer
333 1498 446 1531 regens
471 1490 613 1531 aethera,

221 1536 332 1578 Surge,
358 1538 443 1578 veni,
469 1547 610 1579 propera

271 1586 375 1618 Tuum
399 1586 525 1626 plasma
550 1595 714 1627 quaerere.

137 1655 195 1686 Za.
223 1653 307 1685 Vide
333 1657 364 1686 et
389 1655 569 1694 considera,

223 1702 323 1742 Quam
349 1703 390 1735 sit
416 1702 481 1735 vita
506 1712 623 1743 aspera

273 1750 440 1783 Humanae
464 1752 618 1785 malitiae.

136 1819 195 1851 3a.
222 1817 270 1850 Te
295 1819 400 1858 patris
425 1820 571 1860 potentia

219 1865 338 1899 Divina
364 1868 532 1900 elementia

270 1915 438 1948 1n0arnari
462 1916 573 1955 voluit,

134 1984 195 2016 4a.
221 1983 321 2022 Quam
344 1983 435 2015 nulla
459 1984 584 2017 malitia

222 2029 349 2063 Foedat
373 2031 425 2064 vel
449 2032 603 2073 nequitia,

220 2078 428 2111 Removendo
454 2081 562 2112 tristia

271 2127 369 2159 Sacer
393 2128 501 2168 replet
524 2129 669 2168 spiritus

138 2198 198 2229 5a.
226 2194 343 2228 Stat-im
368 2195 468 2228 turris
493 2198 624 2228 nostrae
649 2198 719 2236 spei

222 2242 284 2276 Est
309 2242 423 2276 effecta
447 2246 551 2276 mater
576 2244 637 2277 Dei

270 2291 387 2325 Sancto
413 2292 511 2332 plena
535 2294 662 2332 spiritu.

137 2363 198 2395 ea.
225 2362 320 2401 Puer,
348 2360 460 2392 mundi
485 2358 689 2405 reformator,

224 2410 315 2448 Puer,
343 2409 424 2442 caeli
448 2409 654 2450 gubernator,

273 2457 333 2498 Qui
360 2459 478 2490 creasti
503 2459 620 2493 omnia.

829 1491 886 1525 ib.
914 1493 1013 1532 Quem
1039 1492 1166 1524 Mariae
1191 1492 1292 1525 ubera

911 1539 1051 1572 Laetant
1076 1542 1221 1581 quamvis
1247 1545 1360 1574 tenera

962 1589 1104 1630 Virginis
1129 1598 1321 1631 puerperae,

825 1656 884 1689 ab.
911 1656 982 1689 Tua
1006 1658 1081 1697 tege
1105 1666 1215 1699 opera,

913 1704 965 1737 Ne
989 1712 1047 1738 nos
1072 1705 1206 1738 trahant
1227 1708 1377 1746 pondera

960 1753 998 1785 In
1023 1753 1128 1786 laeum
1154 1755 1314 1789 miseriae.

826 1821 886 1855 31).
914 1821 1059 1862 Virginis
1083 1823 1245 1855 munditia

911 1869 1033 1902 Divina
1057 1871 1233 1911 prudentia

962 1918 1039 1950 Sine
1063 1919 1134 1950 viro
1160 1919 1282 1959 genuit.

825 1986 884 2020 412.
915 1985 995 2019 Cum
1020 1987 1196 2026 respondet
1221 1989 1314 2021 mitia

914 2034 976 2067 Dei
1000 2033 1099 2073 plena
1123 2036 1239 2076 gratia,

911 2083 952 2115 In
977 2090 1012 2113 se
1038 2085 1153 2116 cuneta
1178 2085 1258 2117 vitia

963 2130 1206 2172 Extinguuntur
1231 2136 1371 2173 penitus

828 2197 887 2231 5b.
913 2197 968 2230 Ad
994 2207 1062 2239 nos,
1090 2198 1230 2241 Christe,
1257 2202 1305 2233 sic
1325 2205 1454 2246 venisti,

917 2245 1053 2278 Carnem
1080 2255 1177 2280 carne
1202 2250 1372 2283 redemisti

964 2293 1084 2326 Faetus
1109 2296 1215 2335 patris
1241 2298 1386 2334 victima.

829 2360 888 2394 Ob.
917 2362 992 2395 Iesu
1017 2371 1109 2402 puer,
1137 2364 1318 2406 miserator,

917 2410 988 2442 Iesu
1016 2419 1109 2452 puer,
1137 2416 1170 2443 et
1194 2412 1348 2455 salvator,

966 2457 1064 2492 Salva
1088 2459 1172 2492 hane
1197 2459 1363 2497 familiam.
