1656 2690
706 137 968 173 —102—

181 235 242 268 4a.
270 235 350 269 Post
373 235 477 267 multa
878 235 939 270 4b.
967 235 1159 269 Sanctorum

268 285 386 315 exacta
409 283 537 323 proelia
963 288 1075 317 sancto
1101 284 1265 317 consortio

265 330 442 371 tyrannide
469 328 618 373 [vesana]
964 341 1035 366 cum
1060 333 1209 372 martyrii
1235 332 1345 372 palma

268 378 393 419 potitur
419 387 556 420 corona3
962 381 1061 420 plena
1086 383 1162 412 sunt
1187 379 1316 421 gaudia.

180 438 237 471 5a.
265 436 290 468 Ο
318 435 448 469 Albane
876 437 935 471 5b.
962 437 1054 469 Pelle
1078 438 1173 475 mala,

265 486 400 524 martyr,
429 493 499 524 ave,
962 486 1084 525 praebe
1109 486 1195 518 bona

266 532 333 565 dux
357 532 391 563 in
417 533 503 573 regis
530 533 630 573 curia,
961 533 996 564 in
1021 537 1206 565 sanctorum
1231 533 1349 573 patria,

555 591 586 624 6.
615 590 684 630 Quo
709 588 857 622 fruamur
881 589 950 622 vita
974 593 1118 624 aeterna.

245 647 330 674 Miss.
351 653 406 674 ms.
422 647 651 683 Salisburgense
665 655 742 675 saec.
758 643 833 675 1⁵)15.
866 646 939 674 Clm.
954 647 1110 675 Monacen.
1128 645 1232 675 15719.
1249 646 1283 674 Α.
1300 662 1334 665 -
1353 647 1439 674 Miss.
1453 654 1508 674 ms.

171 685 406 713 Sanblasianum
427 688 499 714 anui
522 684 606 714 1466.
642 685 713 714 God.
735 685 765 713 S.
783 683 874 713 Pauli
894 685 933 713 ad
944 686 1114 714 Laventum
1137 695 1174 714 ex
1187 685 1378 714 Sanblasian.
1400 685 1507 712 memb.

170 722 216 752 59.
238 725 272 753 B.
293 739 333 744 —
353 722 403 760 210,
426 722 444 753 3
465 725 583 753 Arriam
607 725 642 752 A.
665 740 701 744 —
723 722 777 758 3b,
802 722 817 751 1
838 724 963 752 Initiale
982 725 1056 752 fehlt
1076 725 1139 753 AB.
1162 739 1197 744 —
1220 723 1271 760 5a,
1292 722 1311 753 3
1332 725 1418 759 regia
1437 724 1471 752 B.

619 807 671 840 111.
705 808 750 840 De
770 809 880 840 sancto
904 809 1039 841 Albano.

523 882 554 916 1.
584 880 709 923 Gaude,
735 883 840 913 mater
866 881 1014 922 ecclesia,

584 929 686 962 Festa
713 930 833 962 ducens
859 930 1030 962 sollemnia

631 978 743 1010 Sanctl
766 978 889 1010 Albani
915 979 1081 1019 martyris=

182 1046 246 1079 22.
272 1045 346 1077 Lux
373 1046 507 1078 advenit
531 1046 727 1086 veneranda,
883 1045 949 1080 2b.
978 1045 1076 1078 Cuius
1102 1045 1190 1077 laeta
1214 1045 1271 1077 lux
1300 1044 1364 1076 diei

269 1093 343 1125 Lux
366 1093 401 1125 in
428 1094 534 1126 choris
558 1094 729 1126 iubilanda
969 1092 1086 1126 Refert
1110 1096 1255 1125 nostrum
1282 1096 1429 1125 sanctum
1446 1093 1510 1125 Dei

323 1141 506 1174 Luminosis
533 1142 696 1175 cordibus.
1018 1142 1265 1174 Decantandum
1290 1142 1454 1175 laudibus

186 1210 246 1242 Sa.
274 1208 334 1247 Qui
359 1209 393 1241 in
421 1210 518 1242 caelis
545 1212 716 1242 coronatus
883 1210 942 1244 3b.
970 1210 995 1243 O
1022 1219 1116 1251 quam
1142 1219 1242 1250 purus
1268 1209 1412 1241 adolevit

273 1256 336 1289 Est
360 1261 516 1297 patronus
541 1258 635 1290 nobis
663 1259 757 1290 datus
971 1259 1056 1290 Puer
1073 1261 1212 1296 sanctus,
1238 1267 1309 1289 cum
1326 1267 1388 1298 quo
1408 1257 1512 1289 crevit

324 1306 400 1338 Iesu
427 1307 509 1338 dono
536 1306 720 1338 salvatoris,
1017 1306 1138 1338 Mentis
1163 1306 1357 1338 innocentia.

191 1373 252 1405 4a.
278 1372 482 1404 Adulescens
508 1373 713 1412 amplexatur
883 1372 942 1405 4b.
969 1373 1104 1405 Alienus
1131 1376 1163 1404 et
1185 1373 1337 1405 immunis

324 1419 508 1452 Literarum
534 1420 652 1459 studia,
1019 1420 1071 1452 Ab
1098 1421 1184 1452 omni
1209 1422 1355 1454 lascivia.

187 1488 206 1519 5
221 1495 250 1518 a.
277 1486 374 1518 Hunc
399 1487 526 1519 divinus
552 1486 745 1527 adimplevit
886 1487 945 1521 5b.
973 1487 1030 1519 Fit
1054 1488 1168 1520 salutis
1194 1490 1361 1529 speculum

279 1533 431 1575 Spiritus,
457 1535 492 1566 in
518 1544 578 1575 quo
605 1535 728 1575 quievit
970 1536 1164 1577 Morumque
1189 1538 1422 1579 spectaculum,

330 1581 382 1614 Ab
410 1583 477 1614 eius
501 1581 651 1616 infantia.
1022 1585 1086 1618 Vas
1112 1586 1268 1618 virtutum
1294 1587 1447 1620 omnium.

193 1651 255 1682 Ga.
283 1650 398 1683 Carnis
424 1651 615 1690 pudicitiam
886 1651 944 1685 6b.
973 1652 1013 1684 In
1038 1653 1155 1685 studiis
1182 1654 1230 1685 sic
1254 1653 1406 1695 profecit,

277 1697 323 1729 Et
348 1697 501 1739 baptismi
526 1699 663 1740 gratiam
971 1700 1064 1740 Quod
1090 1700 1254 1740 profunda
1279 1701 1437 1742 patefecit

328 1745 507 1780 Conservat
532 1747 682 1779 viriliter.
1019 1750 1150 1782 Arcana
1177 1750 1360 1783 divinorum

191 1813 209 1845 7
222 1821 252 1845 a.
279 1812 408 1846 Laurea
435 1814 531 1855 digne
554 1814 737 1856 insignitus,
882 1815 942 1848 7b.
970 1816 1072 1848 Verbi
1098 1826 1208 1850 semen
1234 1819 1409 1852 seminavit

277 1861 378 1893 Plene
404 1865 492 1894 certe
518 1862 663 1894 eruditus
968 1864 1109 1897 Errores
1136 1868 1365 1900 exterminavit

327 1908 433 1949 Supra
446 1911 563 1942 multos
577 1910 814 1951 magistrorum,
1024 1914 1134 1946 Verbo
1159 1924 1307 1956 pugnans
1335 1915 1475 1949 fortiter.

191 1977 251 2010 Sa.
278 1976 343 2008 Hic
369 1979 419 2009 est
442 1978 530 2009 mitis
557 1980 654 2018 atque
679 1976 774 2010 fortis
879 1979 939 2012 8b.
968 1979 1029 2018 Qui
1054 1981 1186 2013 labores
1213 1985 1246 2014 et
1271 1984 1408 2016 sudores

277 2024 391 2057 Victor
415 2027 538 2070 mortis,
971 2027 1017 2060 Et
1044 2029 1172 2062 dolores

326 2072 390 2104 Dei
415 2075 541 2115 pollens
567 2074 682 2115 gratia,
1018 2077 1160 2110 Pertulit
1183 2088 1243 2119 pro
1270 2081 1385 2122 gloria.

193 2141 212 2173 9
226 2149 254 2173 a.
282 2139 361 2172 Cum
385 2150 450 2173 non
476 2142 564 2174 cedit
586 2141 734 2174 hostibus
884 2143 943 2177 9b.
970 2144 1088 2177 Prodit
1113 2150 1239 2189 martyr
1267 2147 1487 2194 conflicturus,

278 2188 446 2221 Resistens
470 2189 670 2230 haeresibuS,
974 2192 1040 2225 Sub
1067 2196 1173 2227 securi
1199 2199 1266 2229 stat
1290 2207 1433 2239 securus,

330 2237 412 2269 Iusti
436 2238 567 2278 sanguis
592 2236 750 2271 funditur.
1022 2243 1269 2276 Consummatur
1294 2247 1415 2286 gladio,

534 2306 590 2339 10.
619 2305 661 2338 Se
686 2306 827 2339 cadaver
851 2317 916 2340 non
942 2310 1056 2350 erexit,

615 2355 763 2387 Truncus
787 2358 936 2388 truncum
962 2360 1059 2398 caput
1085 2359 1184 2399 vexit,

617 2402 684 2442 Quo
710 2401 869 2436 ferentem
893 2405 956 2437 hoc
982 2406 1104 2438 direxit

665 2452 864 2492 Angelorum
889 2453 984 2494 legio.
