1656 2690
673 136 911 173 „45-

158 233 218 265 6a.
245 232 308 265 Est
333 232 417 264 enim
443 232 526 275 ipsa,

158 407 220 439 va.

158 630 219 663 8a.

159 709 218 741 9a.

132 832 175 865 10
187 840 216 864 a.

121 1293 175 1329 332,
197 1292 213 1321 1
235 1303 279 1331 sq.
301 1295 459 1331 primaque
479 1302 558 1322 nani.
578 1307 619 1312 —
639 1291 691 1328 510,
714 1291 730 1320 1
751 1296 836 1322 nutu.
858 1309 895 1314 —
916 1293 969 1327 sa,
992 1295 1008 1322 1
1029 1295 1088 1323 Est
1108 1304 1144 1323 en
1164 1297 1197 1323 in
1217 1297 1294 1331 ipsa.

246 281 280 312 in
308 289 372 320 qua
398 280 546 324 Gabriel,

246 329 306 361 ille
331 338 466 371 magnus
493 329 659 373 caelicola,

247 406 285 439 In
312 408 346 437 te
369 405 516 439 Arabica

247 457 280 486 et
305 453 431 488 Sabaea
459 454 589 487 Christo
617 455 702 488 dona

246 507 322 535 sunt
347 503 458 536 oblata

246 552 289 584 ad
315 552 484 596 cunabula,

246 630 292 662 Et
316 632 353 661 ut
377 632 504 663 tantum
528 630 699 671 potissima

247 707 439 739 Resurrexit
463 707 497 739 in
522 710 556 739 te
581 715 659 739 vera

245 755 428 796 redemptio
453 758 572 787 nostra.

244 831 294 863 Tu
320 839 353 862 es
379 831 463 872 ipsa,

244 887 326 920 quae
352 880 416 912 erit
440 879 564 922 ultima,

245 928 277 959 in
305 937 369 969 qua
394 930 473 960 tunc
496 926 658 960 terribilia

245 976 463 1016 patrabuntur
488 975 627 1016 iudicia3

862 235 925 269 6b.
952 234 1079 268 Detulit
1106 243 1223 274 nempe

862 408 921 442 7b.

858 630 918 663 8b.

858 707 919 740 9b.

833 831 917 866 10b.

546 1044 605 1077 11.
629 1044 700 1084 Quo
726 1044 838 1076 audita

629 1100 709 1124 voce
734 1092 873 1133 benigna

631 1140 795 1181 capiamus
820 1142 940 1182 gaudia

631 1192 766 1221 aeterna
791 1198 851 1230 per
876 1190 1016 1222 saecula.

198 1255 288 1283 Grad.
316 1263 370 1282 ms.
397 1255 629 1283 Ravennatense
655 1263 732 1282 saec.
762 1253 806 1283 11.
853 1254 923 1283 Cod.
952 1255 1049 1292 Capit.
1078 1256 1224 1284 Mutinen.
1247 1257 1271 1285 O
1292 1257 1308 1285 Ι
1327 1257 1355 1285 N
1376 1256 1403 1284 7.
1424 1273 1428 1276 -

119 1334 258 1371 virginis.
279 1350 317 1354 —
341 1331 376 1360 10
385 1341 411 1367 a,
433 1330 452 1360 2
475 1334 544 1361 eris.

129 1500 190 1534 ia.

128 1677 190 1710 2a.

130 1852 190 1886 32.

127 2126 189 2160 4a.

949 287 1081 316 sanctae
1105 283 1223 324 virgini

948 332 1104 364 salutaria
1129 331 1291 366 nuntians.

947 409 1019 441 Nec
1043 418 1108 442 non
1133 409 1307 442 Iordanica

948 458 1034 490 lotus
1060 457 1148 490 unda
1174 457 1322 490 Christus
1347 457 1415 490 vita

946 505 978 537 in
1006 505 1149 546 Lyaeum

949 554 1110 586 convertit
1134 553 1312 593 lympham.

947 630 1170 662 Memorentur
1195 630 1388 670 praeconia:

947 706 1099 739 Sanctum
1127 715 1243 739 neuma
1268 707 1361 739 unxit
1379 707 1412 739 in
1430 708 1463 738 te

946 753 1091 787 fidelium
1118 754 1227 788 corda.

944 831 983 864 In
1009 841 1073 873 qua
1099 841 1158 864 sua

945 879 1092 913 Christus
1119 881 1290 913 clementia

946 937 1005 961 nos
1029 929 1117 961 locet
1141 929 1228 961 inter
1253 929 1382 971 agmina

946 977 1121 1010 electorum
1146 978 1188 1010 ad
1218 978 1395 1021 dexteram,

1344 1293 1463 1330 -ssb‚2

621 1427 672 1458 44.
703 1425 762 1458 Die
784 1426 955 1459 Dominica.

215 1499 382 1543 Laudans,
411 1501 552 1541 caterva,

217 1548 321 1581 iubila

216 1597 459 1639 symphoniaca,

215 1674 337 1715 Lyrica

216 1726 347 1757 resonet
374 1722 524 1764 cymbala

216 1772 251 1805 in
279 1773 332 1805 die
358 1772 532 1812 dominica,

218 1850 264 1883 Et
289 1859 348 1884 nos
373 1851 546 1884 iubilemus
572 1848 652 1893 Deo,

217 1900 272 1940 qui
297 1902 347 1933 est
373 1899 567 1933 recolendus
593 1902 709 1932 octava

219 1952 250 1981 et
276 1949 393 1992 prima,

217 1998 265 2032 Ut
289 2006 471 2031 mereamur
492 2007 562 2032 eum

217 2046 345 2080 intuere
365 2047 400 2080 in
426 2049 566 2093 saecula,

216 2125 262 2158 Et
285 2128 399 2167 potum
425 2127 539 2159 mortis

216 2173 267 2218 [in
295 2173 406 2218 cruce]

214 2223 354 2264 biberat,

215 2273 272 2314 qui
294 2273 330 2306 in
354 2272 408 2305 die
433 2273 596 2307 dominica

216 2321 359 2363 evigilat,

215 2370 351 2403 Salvare
378 2373 510 2403 cunctas
535 2371 659 2404 animas

215 2428 375 2460 quaerens
402 2420 609 2460 squaioribus

215 2468 377 2510 perditas,

834 1498 898 1533 ib.

831 1674 891 1710 2b.

830 1850 894 1885 3b.

927 1499 1032 1533 Dulce
1058 1508 1257 1541 concrepans

919 1558 1041 1590 organa

917 1598 1013 1630 simul
1038 1606 1100 1631 vox
1124 1601 1237 1630 nostra

918 1674 1080 1708 Neumata

919 1724 1094 1757 decantent
1119 1723 1233 1756 Gloria

917 1773 951 1805 in
976 1772 1038 1804 hac
1065 1772 1118 1804 die
1144 1771 1284 1805 festalia.

921 1851 980 1891 Qui
1007 1850 1169 1892 requievit
1193 1851 1341 1891 sepultus

919 1902 952 1932 et
978 1899 1050 1933 dira
1075 1902 1184 1933 vastat
1207 1898 1410 1933 infernorum

917 1952 1052 1993 tartara,

917 1998 962 2031 Et
988 1999 1105 2030 cuncta
1130 1998 1270 2031 redemit
1296 1998 1331 2030 in

918 2051 1031 2080 sancta
1058 2046 1112 2080 die
1139 2046 1320 2088 dominica3

827 2126 888 2161 4b.
915 2128 956 2161 In
981 2136 1045 2168 qua
1069 2126 1125 2159 lux
1151 2129 1303 2159 occurrat

917 2178 1033 2210 octava

918 2228 950 2258 et
975 2225 1091 2265 prima,

918 2273 1115 2306 revolvendo
1139 2282 1197 2314 per
1222 2274 1331 2306 omnia

917 2325 1074 2362 tempora.

918 2371 966 2403 Te
993 2371 1217 2415 deprecamur,
1245 2371 1350 2412 hagie,

918 2424 955 2451 nt
978 2428 1099 2452 noxam
1125 2421 1252 2453 minuas

920 2470 1080 2509 catervam,
