1656 2690
674 129 936 165 —218-

180 229 199 260 7
207 237 238 262 a.
264 227 351 260 Hinc
375 226 412 259 fit
435 227 540 259 sancti
874 230 934 263 71³.
961 230 1008 262 Et
1030 228 1069 261 fit
1091 228 1151 260 illa

266 274 399 315 spiritus
425 275 510 316 aula,
960 277 1107 309 sublimis
1131 276 1222 317 hera,

267 331 349 363 quae
374 325 499 363 septem
526 322 715 355 daemonum
961 334 1042 365 quae
1066 326 1172 358 Iesum
1197 323 1316 354 mer-uit

267 370 327 403 fuit
350 373 457 413 antea,
961 382 1093 405 cernere
1117 372 1233 412 prima.

179 447 235 479 Sa.
264 448 355 480 Iesus
381 447 441 478 tibi
874 450 934 483 8b.
960 449 1193 490 Resurgentem

266 495 418 536 apparuit
441 496 590 535 primum,
963 497 1131 538 discipulis
1157 496 1321 530 Christum

266 552 336 575 cum
362 544 505 576 surrexit
962 544 1116 585 cecinisti,

264 596 340 633 post
365 590 471 625 fracta
494 594 628 625 tartara.
961 601 979 624 o
1005 591 1085 625 felix
1110 591 1228 624 Maria.

178 670 235 702 9a.
263 670 357 702 Prior
379 669 452 702 Eva
874 670 935 704 ob.
960 670 1006 702 Et
1029 672 1064 701 tu
1086 668 1192 710 prima

266 716 328 750 fuit
352 717 428 749 olim
961 718 1117 750 nuniiasti

265 766 378 799 mortis
403 767 527 808 nuntia,
959 767 1046 797 vitae
1065 764 1193 807 gaudia.

155 843 236 876 102.
267 843 364 884 Laus,
390 842 503 883 honor,
530 842 634 884 gloria
849 845 892 878 10
902 845 932 877 b.
961 843 1127 883 Virginum
1153 841 1281 882 agmina

267 892 310 923 sit
334 890 405 923 Deo
431 899 491 930 per
515 891 634 933 saecla,
958 891 1136 931 illustrans,
1164 890 1282 928 Maria,

267 939 355 971 cuius
380 939 555 978 prudentia
959 940 992 971 in
1019 939 1101 971 caeli
1127 938 1226 978 curia,

269 987 413 1028 disponit
436 988 553 1028 omnia,
959 987 1126 1028 peccatrix
1143 985 1273 1026 femina,

268 1044 328 1077 per
354 1043 447 1074 quam
474 1043 559 1067 nunc
584 1035 697 1075 regina
960 1034 1065 1076 fulges
1090 1034 1273 1076 prospicua,

269 1082 426 1115 translata
452 1086 502 1115 est
960 1092 1051 1123 spem
1075 1082 1176 1123 lapsis
1203 1082 1284 1114 dans

268 1131 309 1163 ad
336 1130 478 1164 aethera.
962 1132 1003 1163 de
1027 1132 1130 1165 venia.

155 1208 239 1243 112.
269 1209 459 1250 Congaudet
482 1217 570 1241 nunc
849 1210 932 1245 111).
958 1209 1006 1241 Te
1032 1209 1168 1241 miratur

267 1257 327 1290 tibi
353 1256 499 1300 ecclesia,
959 1257 1103 1298 phalanx
1129 1256 1285 1297 angelica,

270 1308 302 1336 et
325 1305 487 1337 laetantur
960 1305 1020 1337 tibi
1044 1305 1124 1337 tuba

267 1352 355 1385 orbis
382 1353 521 1386 climata.
960 1353 1088 1394 plaudit
1110 1352 1307 1385 harmonica.

160 1430 240 1463 1221.
267 1430 317 1462 Tu
341 1438 401 1470 pro
427 1430 520 1462 nobis
850 1432 935 1465 1212.
962 1431 1080 1462 Tecum
1107 1427 1211 1469 nobis²

274 1474 381 1522 [nune]
409 1481 476 1510 esto
502 1477 642 1510 sollicita

269 1534 368 1566 prece
393 1524 504 1558 fovens

267 1583 325 1606 nos
351 1574 492 1607 assidua.

960 1479 1057 1510 stella
1079 1478 1189 1517 maris,
1215 1477 1333 1514 Maria,

963 1535 1049 1558 nunc
1074 1531 1107 1560 et
1131 1534 1259 1567 semper
1277 1523 1326 1569 (et
1341 1522 1475 1568 ubique)

962 1578 1090 1607 maneat
1113 1575 1268 1615 propitia.

226 1638 294 1668 Cra.
323 1640 536 1677 Petroburgen.
566 1641 591 1674 Q
617 1641 632 1668 I
658 1639 704 1669 51.
729 1642 792 1673 (cfr.
818 1642 917 1670 Neues
933 1641 1019 1669 Areh.
1042 1642 1084 1675 V,
1112 1638 1187 1675 262).
1223 1641 1342 1668 Daraus
1360 1640 1476 1673 Gillert,

148 1679 285 1715 Briegers
300 1679 440 1707 Zeitschr.
455 1679 473 1706 f.
488 1678 720 1715 Kirchengeseh.
733 1680 786 1713 IV,
802 1678 858 1708 612
874 1690 917 1716 eq.
930 1695 971 1698 —
984 1680 1018 1708 G.
1033 1679 1180 1708 hemerkt:
1199 1679 1328 1715 „Diesen
1339 1678 1477 1706 Maurus-

146 1717 260 1746 liedern
286 1718 365 1746 lasse
384 1717 433 1745 ich
452 1719 519 1746 eine
538 1713 674 1754 Sequenz
696 1718 749 1746 auf
766 1719 815 1747 die
833 1720 932 1747 Maria
950 1719 1132 1755 Magdalena
1150 1718 1265 1755 folgen,
1293 1718 1342 1745 die
1361 1717 1425 1745 sich
1445 1718 1478 1744 in

146 1757 228 1785 einer
253 1756 363 1784 andern
381 1754 594 1792 Petersburger
614 1757 810 1786 Handsehrift
832 1757 986 1786 vcrfindei.
1027 1758 1076 1786 Da
1094 1759 1128 1785 in
1152 1757 1289 1785 letzim-ei·
1315 1755 1364 1784 die
1382 1756 1476 1784 Medi-

146 1795 283 1827 tationes,
308 1797 375 1823 eine
396 1791 510 1823 Schrift
526 1795 605 1824 odos
626 1804 687 1823 von
701 1796 826 1832 Clugny,
849 1796 1001 1825 enthalten
1022 1796 1098 1831 sind,
1120 1804 1153 1824 so
1174 1795 1250 1832 liegt
1268 1795 1321 1823 der
1336 1794 1479 1823 Gedauke

145 1833 230 1867 nahe,
251 1834 327 1862 auch
348 1833 443 1862 dieses
462 1834 589 1862 Gedieht
608 1833 669 1862 ihm
690 1835 932 1870 zuzuschreiben,
954 1835 1116 1863 besouders
1136 1843 1224 1862 wenn
1246 1843 1316 1862 man
1335 1834 1476 1868 bedenkt,

145 1871 209 1900 dass
234 1873 310 1900 auch
335 1872 428 1901 sehon
453 1872 661 1901 anderswoher
685 1874 792 1908 Versa,
823 1875 856 1902 in
883 1875 979 1903 denen
1006 1874 1058 1902 der
1087 1875 1299 1903 Cluniacenser
1326 1872 1387 1901 Abt
1407 1873 1478 1909 jene

142 1910 265 1947 Heilige
280 1912 375 1945 feiert‚
391 1911 525 1940 bekannt
537 1909 632 1940 sind.‘'
647 1912 667 1940 1.
683 1922 706 1940 c.
729 1910 793 1941 612.
810 1929 847 1934 —
863 1913 913 1948 Ga,
928 1911 946 1941 5
960 1913 1139 1941 condescens
1155 1912 1189 1940 G.
1205 1927 1241 1931 —
1258 1910 1309 1947 6a,
1326 1910 1343 1939 6
1357 1912 1476 1939 miseris

144 1949 178 1979 G.
192 1964 231 1968 —
250 1948 317 1985 loa,
340 1949 358 1978 2
378 1951 505 1979 saeculis
522 1951 557 1980 G.
573 1965 612 1969 -
626 1949 697 1986 10a,
720 1950 737 1979 5
759 1960 839 1980 nunc
857 1954 961 1990 virago
983 1953 1067 1989 regia
1082 1952 1116 1981 G.
1134 1966 1172 1970 —
1188 1949 1257 1985 12a,
1279 1949 1297 1979 3
1319 1950 1476 1986 prefovens

145 1988 179 2018 G.
201 2003 240 2007 —
259 1989 318 2017 Die
336 1988 510 2018 Klammem
530 1989 683 2018 euthalten
702 1990 916 2025 Korrekturen,
944 1991 992 2018 die
1012 2000 1072 2018 von
1092 1991 1149 2019 mir
1171 1990 1238 2018 dem
1256 1991 1351 2018 Texte
1374 1998 1432 2017 x'on
1453 1989 1478 2018 G

143 2027 297 2063 beigeffigt
316 2027 390 2056 sind.

544 2131 614 2163 250.
646 2132 690 2164 De
710 2142 734 2165 s.
757 2132 860 2164 Maria
880 2132 1078 2173 Magdalena.

154 2218 211 2253 1a.
238 2219 465 2261 Magdalenam
492 2222 624 2261 planetu
649 2223 779 2263 plenam

290 2267 392 2300 Simul
418 2272 450 2300 et
473 2269 599 2302 laetitia

848 2224 907 2257 lb.
934 2223 1074 2264 Dempto
1099 2223 1233 2264 planctu
1260 2223 1348 2256 dulci
1374 2226 1473 2256 cantu

984 2271 1155 2304 Collaudet
1181 2272 1329 2304 ecclesia.

155 2346 212 2380 22.
239 2344 338 2378 Fines
364 2346 498 2380 horrens
522 2346 712 2391 Babylonis,

243 2394 375 2427 Vultum
400 2404 557 2436 quaerens
584 2395 763 2429 Salomonis

288 2444 440 2478 Accessit
462 2444 503 2480 ab
529 2444 660 2489 ultimis,

846 2349 908 2383 2b.
933 2349 1054 2382 Austro
1080 2347 1195 2389 fugans
1222 2350 1427 2391 Aquilonem,

934 2396 1032 2429 Fletu
1055 2396 1168 2429 mersit
1193 2397 1395 2432 Pharaonem

985 2444 1089 2477 Pedes
1115 2445 1229 2480 lavans
1255 2446 1411 2483 lacrimis,
