1656 2690
706 131 944 168 -83-..

173 231 235 264 Za.
263 231 288 265 Ο
314 230 423 264 lumen
448 229 614 272 luminum,

259 280 285 313 Ο
310 277 369 312 flos
397 279 601 320 convallium,

311 327 336 361 Ο
363 328 426 360 viri
450 328 577 369 nescia3

170 397 231 429 3a.
258 395 327 428 Fac
352 404 410 427 nos
436 397 525 427 tuum
551 392 654 428 filium

257 444 380 476 Amare
402 444 436 477 in
462 445 664 484 perpetuum,

307 492 416 525 Mater
441 492 506 533 pia,

871 232 929 264 2b.
958 232 983 265 Ο
1012 233 1108 265 decus
1133 231 1305 274 virginum,

957 281 983 314 Ο
1007 289 1081 322 spes
1108 280 1263 324 fidelium,

1007 329 1032 362 Ο
1058 330 1156 369 plena
1181 329 1296 369 gratia.

869 396 929 430 31).
956 396 1008 428 Ae
1032 396 1157 437 perduc
1181 396 1222 428 ad
1250 395 1401 436 gaudium

959 444 1089 486 Olympi
1114 444 1348 487 suavissimum,

1003 493 1028 526 Ο
1054 492 1171 526 Maria.

160 598 219 626 ΜῚ,
238 559 374 626 girat-iga
401 566 456 587 ms.
477 558 676 596 Anglicauum
703 567 779 587 saec.
802 556 877 587 l‘²l115.
921 558 992 588 Ood.
1012 558 1179 587 Londinen.
1199 558 1272 595 Reg.
1294 557 1311 586 7
1334 558 1359 586 A
1377 559 1430 587 VI.
1458 573 1497 577 —

194 607 204 625 1
274 607 290 626 Θ
303 606 319 626 Ο
341 606 379 626 le.

613 701 659 732 88.
692 700 737 732 De
756 700 858 732 Beata
879 700 983 733 Maria
1004 701 1039 732 V.

865 771 924 805 lb.
952 771 1095 804 Verbum
1122 771 1252 812 quidem
1278 771 1429 804 introivit

952 820 1062 861 Atque
1086 820 1222 852 verbum
1248 819 1325 852 hinc
1351 819 1463 860 exivit,

953 868 998 900 Et.
1023 869 1071 901 sic
1095 868 1200 900 laetus
1225 867 1404 908 parturivit

1002 918 1124 949 Venter
1150 916 1214 949 viri
1238 916 1379 949 nescius.

166 773 226 806 1a.
254 771 372 805 Prodit
397 779 479 813 puer
506 771 547 804 de
572 772 683 811 puella

257 821 344 854 Sana
370 818 530 852 eastitatis
557 820 649 860 cella,

256 868 349 901 Sicut
375 868 442 900 exit
464 868 521 899 lux
548 866 589 901 de
613 868 710 900 stella

303 916 347 950 Et
374 917 415 949 de
437 916 507 949 sole
531 916 655 951 radius.

169 987 230 1018 2a.
258 985 324 1017 Res
350 994 370 1016 a
395 984 512 1016 saeclis
538 984 696 1027 inaudita,
864 985 927 1019 2b.
955 983 1010 1017 Sic
1036 987 1085 1017 est
1110 984 1206 1016 homo
1232 982 1338 1016 factus
1364 983 1466 1025 Deus,

255 1032 348 1072 Quod
374 1032 484 1073 puella
508 1031 597 1072 parit
615 1032 673 1075 ita,
953 1032 1004 1064 Ne
1028 1033 1154 1073 periret
1178 1033 1273 1064 homo
1301 1040 1387 1073 reus,

257 1081 303 1113 Et
327 1081 414 1121 quod
440 1080 487 1113 ita
512 1082 587 1112 sunt
612 1081 704 1114 unita
954 1080 1045 1119 Quod
1072 1080 1098 1112 si
1128 1080 1280 1113 crederet
1302 1079 1451 1122 Iudaeus,

305 1128 531 1161 ΤΜ-1001111100
559 1129 722 1161 caelestia.
1001 1130 1076 1162 Non
1103 1132 1190 1161 esset
1214 1130 1249 1161 in
1274 1128 1416 1163 miseria.

167 1199 228 1231 3a.
258 1196 410 1230 Gloriosa
434 1199 538 1229 mater
563 1196 637 1236 Dei,
867 1197 928 1230 3b.
957 1196 1004 1229 Te
1029 1204 1214 1237 precamur,
1241 1199 1276 1228 tu
1298 1204 1436 1237 precare

253 1246 363 1278 Mater
387 1245 496 1285 magni
522 1245 674 1286 Nazarei‚
952 1245 1056 1277 Tuum
1081 1247 1192 1277 natum
1218 1253 1278 1277 11οο
1303 1245 1426 1287 iuvare,

254 1295 364 1327 Mater
388 1294 474 1332 Iesu,
499 1297 632 1326 nostrae
656 1293 738 1334 spei,
953 1294 1023 1326 Fae
1048 1302 1108 1325 nos
1132 1295 1239 1325 tecum
1264 1292 1416 1325 habitare

304 1342 413 1375 Mater
437 1342 693 1375 misericordiae.
999 1342 1038 1374 In
1063 1342 1219 1383 paradiso
1246 1341 1379 1382 gloriae.

235 1419 325 1448 Grati.
352 1427 406 1447 ms.
427 1418 613 1446 civitatense
640 1426 717 1447 saec.
741 1417 785 1446 14.
826 1419 898 1446 cod.
919 1418 1079 1447 Civitatem.
1100 1416 1240 1445 LXXIX.
1261 1417 1296 1445 A.
1322 1431 1361 1435 —-
1381 1416 1450 1454 Seq.
1471 1422 1502 1445 et,

157 1459 247 1494 Trop.
274 1467 329 1486 ms.
350 1457 565 1494 Aquilegiense
593 1465 669 1486 saec.
698 1454 744 1484 15.
786 1457 858 1485 Ood.
886 1457 1047 1486 Seminarii
1069 1455 1212 1484 Goritien.
1234 1456 1258 1483 Ι.
1280 1457 1313 1484 Β.
1341 1470 1377 1474 -
1409 1454 1459 1490 10,
1482 1454 1500 1483 2

157 1497 311 1525 0001110110
334 1496 392 1524 Dei
412 1496 490 1525 cella
509 1496 542 1523 A.
570 1511 607 1515 —
640 1494 689 1529 lb,
712 1493 730 1523 3
750 1497 795 1524 010
814 1497 883 1524 tuus
903 1496 1066 1533 parturivit
1084 1494 1117 1522 B.
1198 1491 1250 1528 20,
1272 1493 1292 1522 4
1313 1493 1500 1523 caelestibus

156 1537 313 1564 terrestria
332 1536 366 1563 Β.
397 1550 430 1555 -
465 1532 520 1569 212,
546 1534 560 1562 1
582 1534 678 1563 factus
703 1534 791 1563 homo
825 1535 858 1562 B.
883 1550 921 1553 —
948 1534 1091 1562 Melodie:
1119 1534 1280 1562 Verbum
1305 1535 1438 1562 bonum
1464 1536 1501 1562 et.

157 1582 275 1603 suave
294 1575 333 1611 B3
353 1574 380 1602 A
399 1575 495 1603 bietet
515 1575 582 1602 eine
603 1575 706 1611 eigene
726 1573 866 1602 Melodie.

612 1677 659 1708 89.
692 1676 736 1709 De
755 1676 857 1708 Beata
877 1675 980 1709 Maria
1003 1676 1038 1708 V.

167 1751 226 1784 1a.
256 1749 362 1792 Salve,
391 1748 553 1781 caelorum
579 1748 702 1790 regina,

257 1798 356 1831 Salve
383 1796 497 1841 dulcis,
524 1800 557 1830 et
581 1797 704 1830 inclina

305 1846 436 1879 Nostris
462 1855 572 1878 aurem
598 1844 761 1887 precibus.

870 1749 918 1782 11)
957 1748 1059 1781 Plena
1084 1748 1207 1780 virtute
1233 1747 1355 1789 divina,

956 1796 1063 1839 Salve,
1091 1797 1228 1829 salutem
1254 1796 1395 1837 propina

1004 1846 1082 1879 Tuis
1105 1845 1155 1879 his
1177 1845 1392 1886 supplicibus.

867 1914 929 1948 ab.
955 1914 1071 1947 Hostis
1095 1914 1200 1946 nostri
1223 1913 1321 1954 pulsa
1344 1911 1463 1947 fraude

955 1963 1071 1996 Portas
1085 1963 1199 1995 mortis
1214 1962 1354 1995 clemens
1370 1962 1496 2004 claude,

1002 2011 1121 2045 Mortis
1146 2012 1234 2044 laeta
1259 2011 1375 2052 spolio.

166 1918 227 1949 2a.
255 1914 420 1956 Singulari
449 1914 547 1955 digna
570 1914 679 1957 laude,

255 1963 333 1997 Sola
357 1972 456 2005 super
483 1972 593 1996 omnes
619 1962 726 2004 gaude

301 2012 391 2046 Caeli
416 2012 534 2046 sedens
560 2012 662 2053 solio3

865 2081 925 2117 311,
951 2080 1042 2113 Mole
1070 2080 1261 2113 delictorum
1289 2088 1423 2121 pressae

953 2129 1045 2162 Plebi
1072 2137 1114 2161 110
1138 2128 1221 2162 velis
1249 2129 1374 2171 deesse,

1001 2178 1067 2211 Sed
1093 2178 1211 2219 supple
1238 2177 1418 2213 consilium.

864 2247 925 2280 4b.
954 2247 979 2280 Ο
1006 2254 1085 2280 vere
1109 2245 1297 2289 laudabilis,

1003 2295 1092 2335 Quae
1117 2294 1267 2336 genetrix
1294 2304 1327 2328 es
1356 2294 1496 2328 Christi!

163 2084 223 2117 3a.
252 2082 354 2123 Virga
381 2082 422 2114 de
447 2080 559 2114 radice
584 2080 684 2124 Iesse,

253 2130 452 2164 Germinasti
478 2138 590 2162 verum
615 2139 696 2172 esse,

300 2179 416 2217 Deum,
444 2178 507 2212 Dei
532 2178 643 2212 filium.

162 2250 223 2282 4a.
252 2248 277 2282 O
305 2257 398 2290 quam
426 2246 640 2287 admirabilis,

302 2298 390 2338 Quae
414 2296 505 2338 virgo
532 2296 708 2338 peperisti!

865 2364 923 2398 5b.
953 2364 977 2397 O
1005 2364 1096 2405 virgo
1122 2371 1252 2405 semper
1277 2373 1370 2406 pura,

951 2412 999 2445 Te
1022 2414 1137 2445 nostra
1162 2416 1322 2454 quaerunt
1345 2412 1419 2445 iura

998 2462 1078 2495 Cum
1105 2461 1203 2495 laude
1228 2461 1399 2503 singulari.

1277 2517 1319 2547 δ’»

162 2367 221 2399 50.
250 2365 275 2398 Ο
302 2373 387 2398 nova
411 2364 570 2407 genitura,

248 2413 299 2446 Tu
323 2414 438 2447 matris
463 2416 555 2446 tenes
579 2414 654 2446 iura

299 2463 378 2496 Cum
404 2462 486 2497 flore
511 2462 672 2504 puellari;
