1656 2690
149 249 207 281 53.
236 248 261 281 O
287 248 457 290 paraclite,

234 296 356 328 solator
380 296 524 338 spiritus,

149 374 211 406 6a.
239 372 373 413 Semper
399 372 582 405 custodiens

235 420 498 464 praesidensque,

149 498 208 531 7a.
235 497 424 530 Pectoribus

238 546 425 578 nostrismet
448 546 628 586 lustrando,

237 594 421 628 inducendo
446 594 577 626 veritati

237 642 304 674 Nos
330 651 451 683 omnes,
478 642 533 683 qui

237 690 404 730 discipulis

239 738 419 779 dispertitis
444 739 477 771 in
503 739 621 779 linguis

238 791 429 831 creverunt,

151 865 211 897 8a.
238 864 286 897 Ut
309 867 474 897 teneamus
493 864 671 906 caritatem,

240 921 404 945 servemus
431 913 609 945 castitatem

239 960 399 1001 fidemque
422 961 671 1001 immaculatam,

686 152 924 187 ..36-

843 247 902 282 5b.
930 248 955 280 Ο
981 246 1160 289 lucifluam,

928 295 1094 328 nobiscum
1121 299 1248 329 maneto

842 372 903 406 6b.
930 372 1065 413 Semper
1090 374 1286 407 humillimos

930 421 1148 463 exhibensque
1156 433 1165 463 3

844 497 903 531 7b.
930 497 1130 542 coaequalis,

932 544 1106 588 [paraclite
1131 543 1269 591 sancte,]

931 593 1001 626 Deo
1026 595 1112 634 patri
1136 594 1267 635 filioque

932 641 1038 674 Corda
1062 647 1174 675 nostra

929 690 1085 723 terrivola

930 739 1059 779 replens
1085 743 1182 780 atque
1208 738 1401 771 confirmans

931 786 1084 819 Solimam
1096 800 1103 828 3

845 864 905 897 ab.
932 864 977 897 Ut
1005 864 1045 896 de
1071 866 1208 898 terrenis
1235 866 1405 906 erigemur,

934 913 974 945 de
998 913 1072 944 imis
1098 914 1290 945 suscitemur

936 961 1153 1002 ducemurque
1175 962 1208 993 in
1239 962 1384 994 excelsis.

220 1046 308 1075 Grad.
329 1055 382 1074 ms.
405 1047 433 1075 S.
448 1047 605 1075 Laurentii
625 1048 657 1074 in
673 1047 789 1074 Verane
810 1046 845 1083 (ἲ)
866 1055 941 1075 saec.
965 1045 1009 1074 11.
1033 1046 1103 1074 Cod.
1115 1048 1240 1075 Roman.
1255 1047 1388 1084 Angelic.
1406 1044 1471 1075 123.

139 1085 175 1118 (B
196 1085 243 1113 111
266 1082 318 1120 18).
341 1100 374 1104 -—
398 1083 451 1119 21),
473 1083 491 1113 3
512 1094 554 1122 sq.
576 1087 697 1121 repente
718 1086 923 1113 corroborans.
944 1100 983 1104 —
1003 1082 1054 1119 33,
1069 1082 1086 1112 3
1107 1086 1308 1122 procedentes.
1330 1101 1369 1105 —
1389 1083 1441 1120 33,
1454 1085 1471 1114 9

140 1124 305 1160 florierant;
326 1122 481 1151 vielleicht
493 1124 689 1160 florigerans?
711 1139 745 1143 —-
768 1122 851 1158 312‚5
866 1124 1055 1152 charismata.
1070 1138 1109 1141 —
1122 1122 1174 1159 3b,
1192 1122 1225 1152 11
1240 1124 1422 1158 uillumve[!),
1435 1141 1471 1145 —

142 1160 195 1196 6b‚
219 1160 233 1189 1
255 1162 450 1190 humillimus.
481 1179 518 1182 —
547 1162 598 1197 7a,
619 1159 637 1190 3
657 1163 689 1190 in
714 1165 847 1191 veritato.
869 1177 907 1181 —-
926 1162 978 1196 7a,
1000 1160 1020 1189 4
1039 1171 1222 1199 omnemque.
1244 1178 1266 1181 —
1303 1162 1352 1197 73,
1374 1161 1392 1190 5
1413 1163 1472 1191 dis-

142 1201 244 1237 cipuli.
282 1216 303 1220 —
324 1200 374 1235 7a,
398 1199 415 1229 6
436 1201 633 1237 dispertitum.

139 1240 234 1267 lucem
256 1248 358 1276 urque.

542 1343 590 1375 32.
620 1343 665 1375 De

528 1435 559 1469 1.
585 1434 657 1476 Eia,

684 1217 693 1221 Ἰ
715 1200 766 1237 Tb,
789 1200 806 1229 5
827 1201 1009 1230 terrivolam.
1034 1215 1066 1220 —
1090 1201 1143 1235 71³,
1165 1200 1183 1229 6
1205 1202 1307 1236 replet.
1387 1199 1441 1236 812,
1454 1200 1472 1230 3

685 1343 885 1376 sanctissima
904 1342 1073 1375 Trinitate.

687 1438 851 1468 cantemus
878 1435 984 1467 cuncti

586 1485 619 1515 et
642 1483 810 1516 laudemus
835 1483 985 1526 Domino,

156 1563 216 1596 2a.
245 1561 303 1601 Qui
330 1569 387 1592 nos
412 1561 452 1593 ab
478 1560 542 1593 imo
567 1561 741 1601 plasmavit

239 1608 352 1640 mundi
375 1611 415 1644 ab
442 1609 575 1642 exordio

154 1699 214 1730 33.
242 1697 267 1730 O
293 1697 386 1736 pater
410 1697 503 1740 alme,

238 1745 327 1778 Deus
350 1744 515 1787 immense,

240 1793 325 1825 trine
351 1795 384 1824 et
407 1802 480 1833 une,

243 1850 374 1882 compar
398 1842 565 1882 utriusque

241 1890 375 1930 spiritus
398 1891 482 1922 alme
492 1902 500 1931 3

243 1986 303 2027 Qui
327 1986 361 2017 in
385 1986 546 2027 principio

243 2036 357 2066 cuncta
383 2034 510 2072 creasti,

242 2082 427 2123 angelorum
454 2082 591 2125 agmina,

243 2131 351 2163 sidera
377 2139 503 2172 quoque

245 2182 278 2211 et
303 2182 420 2211 cuncta
444 2179 529 2219 regis
553 2186 613 2218 per
637 2178 761 2220 saecla3

847 1561 906 1595 ab.
934 1561 979 1594 Et
1005 1561 1046 1594 de
1071 1571 1128 1595 suo
1155 1566 1361 1596 sacrosancto

934 1618 991 1642 nos
1017 1610 1157 1643 redemit
1177 1612 1294 1653 pretio.

846 1696 905 1729 3b.
934 1696 1034 1736 Quem
1056 1700 1200 1730 tremunt
1223 1699 1326 1739 impia

933 1745 1049 1777 tartari
1076 1747 1202 1787 cohors,

937 1790 1190 1840 [caelorumque]
1218 1798 1250 1827 te
1275 1795 1412 1828 laudant

684 1837 704 1858 *
907 1838 1052 1883 *sancti,
1080 1847 1113 1875 et
1138 1844 1246 1876 cuncti

733 1887 753 1908 ³³
861 1886 880 1907 *
937 1891 1085 1933 adorant,
1110 1893 1240 1925 trinitas
1266 1895 1390 1926 sancta.

798 1936 818 1956 ὶ-’ς

681 2031 703 2052 a
733 1983 754 2004 *
860 1983 879 2004 ²¹⁶
936 1987 1032 2020 Nunc
1056 1990 1260 2022 modulemur

907 2032 1044 2068 *omnes
1070 2038 1240 2077 praecelsa

937 2085 1064 2117 cantica
1091 2087 1177 2119 dulci

937 2133 1078 2166 melodia
1103 2144 1229 2177 quoque

937 2185 1053 2214 cuncta
1078 2183 1111 2215 in
1138 2185 1257 2227 saecla,

533 2257 566 2289 4.
593 2255 638 2288 Et
662 2264 720 2287 nos
745 2255 858 2289 felices

594 2306 757 2337 cantemus
782 2305 815 2337 in
839 2306 953 2346 glon'a.

227 2392 315 2422 Grad.
344 2400 397 2419 ms.
424 2392 651 2419 Ravennatense
676 2397 754 2417 saec.
787 2388 831 2418 11.
874 2390 943 2418 Cod.
971 2390 1067 2426 Capit.
1095 2392 1242 2420 Mutinen.
1264 2393 1288 2421 Ο
1309 2394 1325 2421 Ι
1345 2395 1373 2423 N
1395 2395 1422 2424 7.
1442 2413 1482 2418 —

149 2432 199 2469 2a,
224 2432 238 2461 1
262 2434 322 2460 imo
343 2433 449 2459 terrae.
479 2446 517 2450 -
544 2427 597 2463 33,
621 2426 656 2457 10
677 2429 798 2456 saccula
832 2444 870 2448 —-
891 2427 944 2463 3b,
966 2426 984 2455 2
1007 2431 1130 2457 tartara.
1154 2445 1188 2449 -—
1210 2428 1263 2466 3b,
1285 2429 1304 2459 8
1326 2432 1421 2462 dulce.
1444 2452 1480 2457 —

149 2471 202 2508 3b,
226 2471 262 2501 10
282 2470 412 2500 saecula.
