1656 2690
720 140 961 175 „85—

275 232 399 262 Goilect.
422 241 478 261 ms.
497 233 741 264 Emmeramense
768 238 840 265 anni
861 235 946 267 1351.
970 237 1042 266 Glm.
1062 239 1219 272 Monacen,
1242 234 1351 265 14343.
1378 252 1417 256 —
1442 234 1499 271 Sa,
1520 235 1539 265 3

199 272 416 309 magnificatos.
444 286 480 291 —
501 272 667 301 Aufsehrift
687 274 871 312 „Sequentia
895 277 932 305 de
951 278 1042 305 beata
1060 273 1187 305 Maria“.

577 386 619 418 91.
655 387 850 429 „Sequentia
872 389 910 421 de
931 398 955 422 s.
976 390 1079 422 Maria
1099 389 1157 421 V“.

232 469 292 502 1a.
320 468 428 509 Salve,
456 468 555 509 salve,
582 470 687 501 mater
712 470 778 511 pia,
929 471 988 504 lb.
1017 471 1124 511 Salve,
1151 479 1212 511 per
1229 480 1325 511 quam
1344 472 1431 503 salus
1450 474 1534 515 orta,

317 515 435 549 Mundi
460 516 559 559 salus,
587 526 606 549 o
631 517 750 550 Maria.

364 564 555 597 Sanctitatis
581 566 760 606 speculum.

227 642 288 675 2a.
316 642 423 682 Salve,
450 642 547 674 stella
571 643 740 684 matutina,
926 643 987 677 ab,

316 690 383 731 Sol,
409 699 538 731 aurora,
564 691 621 722 lux
646 691 766 736 divina,

363 738 453 771 Fons
478 738 734 772 misericordiae.

224 816 285 848 3a.
313 815 420 856 Salve,
446 823 507 855 per
532 825 626 856 quam
653 816 721 849 vita
744 817 830 857 data,
927 817 986 851 3b.

312 863 382 896 Deo
410 871 495 908 cara,
525 863 594 896 Deo
620 868 723 908 grata,

361 912 471 954 Salve,
496 912 595 952 plena
620 914 738 955 gratia.

226 991 248 1023 4
258 999 287 1023 a.
316 990 481 1030 Speciosa,
923 993 945 1025 4
952 992 983 1024 b.

314 1039 480 1080 Fragrans
507 1048 592 1081 rosa,

361 1087 470 1119 Mater
494 1086 672 1128 honorata3

315 1134 491 1178 Generosa,

314 1182 476 1223 Gloriosa,

359 1231 496 1264 Femina
521 1230 628 1264 beata.

225 1310 284 1343 5a.
310 1309 359 1341 Tu
385 1308 535 1350 benigna,
926 1311 986 1346 5b.

310 1357 426 1390 Laude
448 1357 557 1398 digna,

311 1406 361 1438 Tu
385 1405 530 1447 dulcora‚

312 1455 362 1487 Tu
387 1456 515 1497 decora,

357 1503 407 1536 Tu
431 1510 576 1543 perenne
600 1503 764 1544 gaudium.

227 1582 287 1614 6a.
312 1581 337 1614 O
364 1581 525 1621 virginum
552 1581 761 1622 principium,
925 1582 983 1616 6b.

314 1630 339 1663 Ο
367 1629 527 1662 castitatis
549 1630 664 1669 lilium,

223 1698 283 1731 7a.
311 1699 504 1731 Animarum
532 1698 699 1739 solacium,
924 1699 981 1733 Ἡ).

313 1746 466 1779 Nostrum
488 1747 586 1778 decus
605 1749 637 1778 et
654 1747 826 1790 gaudium;

311 1796 411 1836 Quem
438 1795 578 1835 genuisti
603 1794 715 1840 filium,

222 1863 282 1896 8a.
311 1862 410 1896 Clara
434 1862 554 1904 Maria,
707 1909 722 1923 ἥ
903 1865 980 1921 ySb.

311 1912 458 1954 Benigna
483 1911 601 1954 Maria,

311 1960 460 1995 Iucunda
484 1960 604 2002 Maria,

308 2010 413 2042 Beata
437 2009 557 2044 Maria.

308 2077 333 2110 Ο
360 2076 564 2120 suavissima,

309 2126 335 2159 Ο
362 2125 604 2168 benignissima,

218 2197 281 2230 9a.
309 2195 364 2228 Ad
391 2198 425 2227 te
448 2198 594 2236 currunt,
615 2204 633 2227 o
657 2195 777 2237 Maria,
920 2195 980 2230 9b.

304 2245 511 2286 PeccatoreS,
540 2243 622 2276 caeli
648 2244 710 2283 via,

355 2294 473 2327 Portus
501 2295 535 2324 et
558 2292 795 2326 umbraculum.

193 2362 237 2394 10
250 2371 279 2397 a.
308 2361 489 2395 Benedicta
514 2365 619 2394 mater
642 2361 715 2403 Dei,
898 2361 982 2396 10b.

306 2411 345 2443 In
370 2414 404 2443 te
430 2413 567 2450 sperant
591 2419 702 2443 omnes
729 2410 787 2450 rei,

355 2459 449 2492 Salus
477 2462 509 2491 et
534 2457 716 2501 refugium3

1015 518 1167 553 Paradisi
1194 521 1308 559 patens
1333 522 1441 561 porta,

1063 568 1133 608 Qua
1158 567 1304 599 salvatur
1327 568 1503 599 saeculum„

1013 644 1214 685 Angelorum
1240 646 1276 676 tu
1301 645 1423 686 regina,

1012 691 1228 725 Peccatorum
1253 693 1425 733 medicina,

1062 740 1145 783 Spes
1172 743 1205 771 et
1230 749 1314 773 vena
1335 741 1461 776 veniae.

1014 817 1120 858 Super
1145 826 1256 849 omnes
1279 818 1463 859 sublimata,

1012 866 1062 898 Sis
1089 874 1149 906 pro
1174 866 1268 897 nobis
1295 866 1457 899 advocata

1058 915 1100 948 In
1123 914 1257 946 caelesti
1282 915 1383 948 curia.

1011 993 1174 1030 Pluviosa,

1011 1040 1206 1082 Fructuosa,

1062 1089 1186 1122 Gedrus
1213 1088 1358 1121 exaltata
1369 1101 1376 1127 3

1014 1137 1190 1179 Generosa,

1013 1185 1179 1226 Speciosa,

1063 1233 1157 1266 Salus
1184 1235 1385 1274 exspectata.

1012 1311 1204 1354 Mediatrix,

1012 1358 1212 1399 Exaltatrix,

1015 1408 1109 1441 Omni
1135 1407 1217 1439 hora

1013 1456 1090 1489 Sine
1115 1464 1208 1487 mora

1060 1506 1155 1545 Roga
1179 1506 1270 1536 tuum
1297 1502 1410 1538 filium.

1011 1581 1183 1615 Trinitatis
1208 1581 1385 1622 hospitium

1013 1630 1201 1670 Salutisque
1226 1630 1406 1664 consilium.

1007 1698 1111 1731 Nobis
1136 1697 1240 1730 redde
1265 1698 1461 1738 propitium3

1009 1746 1150 1787 Expelle
1175 1749 1320 1778 nostrum
1345 1746 1469 1788 vitium,

1010 1792 1097 1841 [Ad]
1126 1795 1208 1826 caeli
1232 1795 1296 1827 duc
1321 1796 1489 1835 palatium.

1008 1864 1093 1896 Tota
1119 1862 1318 1904 dulcissima,

1013 1913 1098 1945 Tota
1123 1911 1339 1944 sanctissima.

1012 1980 1085 2024 Eia,
1119 1979 1258 2020 domina,

1012 2028 1153 2072 Exaudi,
1183 2028 1324 2069 domina,

1011 2076 1173 2120 Defende,
1201 2077 1343 2118 domina,

1013 2126 1184 2166 Succurre,
1213 2126 1353 2160 domina.

1007 2196 1220 2229 Peccatorum
1245 2195 1411 2238 miserere,

1008 2244 1116 2290 Salva,
1145 2246 1260 2287 mater,
1292 2246 1324 2276 et
1349 2246 1442 2276 tuere

1056 2292 1277 2327 Christianum
1302 2290 1468 2335 populum.

1010 2363 1062 2395 Ne
1086 2370 1271 2402 mergamur
1295 2361 1329 2393 in
1352 2360 1530 2403 infernum,

1018 2411 1110 2452 Roga
1137 2419 1245 2451 regem
1273 2411 1521 2454 sempiternum,

1061 2459 1248 2492 Creatorem
1274 2460 1429 2493 omnium.
