1656 2690
692 143 957 179 —147-

631 235 692 268 163.
727 237 771 269 De
791 239 902 271 sancta
924 236 1025 271 Clara.

167 307 224 340 la.
258 306 367 348 Clara,
394 307 456 340 Dei
482 305 614 349 famula,
869 309 927 344 lb.
957 308 1007 340 Tu
1033 309 1138 341 forma
1164 308 1342 349 humilium,

256 356 383 388 Tenera
407 354 580 397 infantula,
956 356 1123 390 Castitatis
1148 357 1263 398 lilium,

257 403 362 437 Cilicii
388 404 508 447 baiula,
955 406 1163 447 Pauper-tatis
1189 406 1329 446 titulum,

257 453 378 486 Vivens
405 452 475 485 sine
500 452 637 495 macula,
955 452 1144 486 Sanctitatis
1170 454 1347 494 speculum,

258 500 440 533 Sanctitate
465 501 615 541 primula,
955 501 1083 534 Novum
1111 511 1144 534 es
1170 502 1367 542 prodigium,

255 549 434 582 Multarum
459 549 680 593 praeambula,
954 549 1082 582 Mariae
1109 551 1290 591 vestigium,

254 597 352 630 Prole
375 598 507 639 replens
533 598 673 633 saecula.
954 597 1035 630 Eius
1060 607 1198 639 sequens
1222 598 1324 631 filium

164 667 224 698 2a.
254 665 401 698 Christus
428 668 534 698 tecum
559 666 711 710 loquitur,
867 665 926 699 21).
953 665 1100 706 Imperas
1127 666 1314 707 daemoniis,

255 714 439 754 Praesaepe
465 714 657 757 ostenditur,
954 713 1057 754 Lupis
1083 718 1194 755 raptos
1221 715 1331 757 eripis,

255 762 350 794 Mens
379 762 483 794 extasi
509 762 645 803 rapitur,
955 759 1079 803 CaeciS,
1108 762 1243 804 claudis,
1270 762 1444 804 languidis.

255 810 365 842 Maria
390 810 589 851 aggreditur,
955 809 1108 843 Gravatis
1135 821 1155 843 a
1180 811 1343 850 glandulis

256 858 316 891 Pie
341 861 374 890 te
400 858 619 902 amplectitur,
954 857 1133 891 Sanitatem
1159 858 1289 899 tribuis,

254 906 285 939 A
309 910 344 938 te
368 906 494 939 caelum
519 907 697 950 scanditur,
953 907 1064 939 Vitam
1089 909 1237 948 praestas
1261 907 1412 950 mortuis,

255 955 361 996 Signis
386 956 490 988 virtus
516 956 683 998 panditur.
953 955 1001 987 Te
1026 956 1152 996 petenti
1178 956 1342 990 subvenis,

166 1024 227 1057 32.
253 1023 344 1064 Ergo
370 1032 457 1056 nunc
481 1023 657 1064 nequitiam
865 1023 925 1057 ab.
954 1023 1082 1060 Omnes,
1110 1024 1165 1065 qui
1190 1026 1223 1055 te
1248 1025 1412 1065 invocant,

255 1072 348 1104 Pelle
371 1080 410 1103 ac
435 1071 612 1114 tristitiam,
953 1072 1093 1105 Precata
1119 1072 1295 1112 accipiant,

256 1120 395 1152 Maestis
424 1120 466 1153 da
489 1120 658 1163 laetitiam,
954 1120 1064 1153 Vitam
1088 1120 1171 1153 bene
1194 1119 1321 1161 finiant,

255 1167 284 1200 F
286 1168 411 1201 cedatis
437 1167 641 1203 munditiam.
955 1169 1008 1202 Ad
1037 1168 1201 1202 Christum
1227 1170 1431 1209 perveniant.

235 1234 375 1271 Sequent.
389 1244 443 1263 ms.
459 1234 488 1263 S.
504 1235 626 1271 Georgii
636 1234 835 1272 Villingensis
850 1243 927 1263 saec.
943 1233 989 1263 15.
1023 1235 1093 1264 cod.
1111 1234 1320 1264 Oarolsruhan.
1332 1236 1404 1264 Geo.
1419 1233 1446 1264 3.
1461 1250 1500 1255 -

160 1271 214 1308 312,
232 1271 249 1300 2
259 1274 397 1302 Peccata.
419 1288 456 1293 -
477 1273 618 1302 Melodie:
641 1272 772 1302 Mundi
794 1275 1007 1310 renovati03
1031 1275 1086 1302 mit
1098 1274 1244 1311 Kiirzung
1256 1275 1307 1302 der
1321 1272 1348 1303 3.
1363 1274 1499 1312 Strophe.

625 1368 689 1400 164.
720 1369 764 1400 De
786 1368 900 1400 sancta
922 1368 1025 1401 Clara.

167 1441 183 1473 1
198 1449 227 1473 a.
255 1440 317 1480 Qui
342 1438 422 1472 fecit
447 1441 488 1473 ad
514 1441 688 1482 imaginem
862 1441 923 1474 lb.
951 1440 1120 1474 Formavit
1146 1440 1277 1474 Claram
1310 1441 1469 1483 virginem

302 1489 512 1521 Franciscum
539 1489 768 1529 redemptoris,
999 1489 1053 1523 Ex
1078 1489 1181 1522 latere
1206 1489 1357 1533 Minoris,

252 1537 327 1570 Non
352 1537 456 1570 solum
479 1537 577 1579 liquit
600 1538 763 1571 hominem
952 1537 1136 1570 Virtutibus
1160 1539 1335 1579 imaginem

300 1586 338 1619 In
364 1586 511 1626 paradisi
536 1586 654 1620 choris.
1000 1586 1152 1628 Angelici
1178 1587 1312 1628 vigoris,

163 1655 227 1689 na.
255 1654 348 1687 Haec
373 1655 497 1695 sprevit
524 1663 606 1695 pure
630 1655 795 1687 saeculum
867 1655 932 1689 21).
959 1654 1112 1688 Assiduis
1140 1655 1366 1694 corpusculum

302 1704 340 1736 In
369 1703 563 1743 disciplinae
589 1703 679 1744 loriS,
1001 1701 1126 1736 Officiis
1151 1702 1274 1736 laboris

252 1751 337 1784 Dum
365 1750 450 1793 fugit
471 1752 514 1784 ad
540 1752 738 1791 ergastulum
954 1751 1094 1785 Vexavit
1118 1754 1152 1783 et
1176 1752 1400 1792 pectusculum

301 1800 428 1842 Spretis
457 1799 569 1833 delicti
594 1800 708 1833 thoris.
1001 1800 1158 1842 Suspiriis
1185 1800 1315 1834 amoris.

163 1870 221 1902 3a.
252 1867 360 1906 Clara,
391 1877 488 1901 carne
514 1868 645 1912 sterilis,
866 1868 926 1903 3b.
954 1868 1040 1907 Quos
1066 1868 1120 1901 hic
1147 1878 1222 1902 caro
1249 1868 1375 1909 fragilis

304 1917 430 1958 Spiritu
455 1915 606 1959 fecunda,
1001 1916 1129 1951 Turbat
1156 1914 1217 1964 [et]
1245 1918 1421 1958 immunda,

253 1966 359 2007 Clara,
388 1966 550 2008 quondam
574 1964 705 2008 flebilis,
952 1966 1033 1999 Tuis
1061 1966 1153 2000 datos
1177 1966 1289 1999 iubilis

301 2015 397 2049 Caelo
422 2016 486 2048 iam
513 2015 665 2054 iucunda,
1002 2015 1159 2048 Precibus
1187 2016 1337 2049 emunda.

230 2083 314 2112 Miss.
334 2083 503 2112 Romanum
523 2084 594 2120 imp.
615 2084 742 2112 Parisiis
765 2080 850 2111 1517.
871 2083 907 2111 A.
930 2100 969 2104 —
988 2083 1074 2112 Miss.
1095 2083 1265 2112 Romanum
1285 2083 1356 2120 imp.
1370 2084 1499 2112 Parisiis

154 2121 227 2152 1523
248 2123 282 2150 Β.
304 2136 342 2142 -
366 2120 416 2157 lb,
438 2119 457 2151 3
478 2122 648 2151 Virtutibus
669 2123 819 2159 virginem
839 2122 901 2151 AB.

595 2217 656 2250 165.
691 2217 736 2249 De
757 2218 867 2250 sancto
890 2216 1055 2249 Clemente.

601 2281 633 2314 1.
661 2279 794 2314 Gaudet
817 2279 916 2313 hodie

659 2330 769 2370 proles
795 2329 866 2363 Deo
893 2329 1020 2364 devota.

159 2391 222 2422 221.
249 2389 355 2422 Adest
378 2397 518 2429 namque
862 2387 924 2422 ab.
952 2387 1055 2427 Quam
1081 2387 1244 2420 celebrem

252 2437 321 2470 dies
348 2437 434 2471 alma
459 2440 492 2469 et
516 2446 632 2478 magno
952 2435 1038 2469 festa
1063 2437 1169 2468 sancti
1198 2435 1374 2470 Clementis

249 2486 367 2527 gaudio
393 2487 502 2528 plena,
950 2485 1123 2518 revolvunt
1147 2484 1320 2566 nobislffl=
