1656 2690
712 138 976 174 —114—

187 235 247 267 53.
274 234 366 267 Duce
392 233 507 266 ductus
534 234 653 267 caelico
883 237 942 271 51).
972 237 1095 271 ῦ11113ῒ.
1120 232 1177 267 flet
1202 234 1343 276 populus

273 283 397 323 Populo
424 282 582 314 catholieo
967 287 1042 319 Hoc
1065 282 1177 317 audito
1202 283 1367 324 querulus,

273 331 412 363 Nuntiat
437 330 628 370 prophetico
971 333 1099 366 Christo
1125 341 1240 372 preces
1263 331 1397 363 sedulus

319 378 435 411 Finem
462 381 593 411 sanctus
619 388 685 411 ore.
1017 381 1142 413 Fundit
1166 389 1226 420 pro
1251 382 1395 419 pastore.

185 448 245 480 63.
274 447 342 486 Quo
369 446 543 479 frendebat
567 455 656 488 gens,
681 447 756 487 pius
883 449 942 483 6b.
970 449 1122 482 Recusati
1149 448 1231 480 ritus
1258 448 1326 479 eius

322 495 402 528 Sese
425 495 519 527 miles
537 495 716 534 transtulit.
1016 497 1165 538 Nequam
1190 496 1284 536 plebs
1308 497 1482 538 irascitur-3

276 544 365 584 Quae
388 543 523 584 pollutis
549 543 696 575 manibus
967 546 1154 577 Antoninus
1175 547 1313 584 propter
1337 543 1435 576 fidem

319 592 418 625 Hunc
442 592 485 624 ad
510 590 588 624 fana
615 592 781 633 compulit.
1014 592 1225 625 Membratim
1253 592 1421 625 dividitur.

185 661 203 693 7
216 669 245 693 3.
272 660 327 692 Sic
350 669 411 701 per
435 659 500 691 ista
881 661 939 694 71).
966 661 1162 693 Benedictus

269 709 430 750 Agonista
967 710 1060 742 Iesus
1087 708 1245 748 Christus,

318 757 470 790 Perrexit
494 756 537 788 ad
562 756 709 795 gloriam.
1017 757 1078 796 Qui
1104 756 1196 788 dedit
1219 757 1400 789 victoriam.

249 832 334 860 Miss.
348 842 403 860 ms.
417 832 603 860 Belisianum
619 841 696 860 saec.
710 830 755 860 15.
782 833 853 860 Cod.
864 833 1051 861 Bruxellens.
1067 830 1228 861 9786-90.
1251 849 1281 852 -
1299 831 1314 860 1
1324 833 1351 866 b,
1363 830 1382 859 2
1397 834 1456 868 qui.
1503 853 1506 856 -

173 869 225 907 2a,
241 868 259 898 3
280 871 333 899 der
344 872 431 899 Reim
450 872 493 898 ist
512 871 597 898 nieht
615 870 764 907 gewahrt3
787 871 923 900 dasselbe
934 872 994 908 gilt
1004 880 1066 899 von
1079 870 1134 904 61),
1149 868 1176 898 3.
1192 886 1225 890 —-
1249 870 1301 904 52.
1318 870 1333 899 1
1349 872 1453 899 Dulce.
1469 887 1506 891 —

174 909 230 936 Ofr.
251 909 338 937 Anal.
358 909 495 937 Bolland.
516 909 568 944 VI,
590 907 656 938 395.

576 1022 638 1054 123.
669 1023 712 1054 De
733 1024 844 1054 saneto
865 1023 1021 1055 Antonino
1042 1024 1101 1064 Ep.

578 1104 609 1136 1.
636 1104 802 1136 Antonino
827 1114 942 1145 magno
966 1105 1082 1137 laudes

635 1152 807 1184 concinant
831 1153 1008 1186 christiani.

197 1222 257 1254 2a.
285 1220 311 1253 O
338 1219 468 1260 praesul
491 1219 670 1262 mitissime,
885 1219 944 1252 2b.
970 1220 1063 1252 Mors
1089 1222 1122 1250 et
1145 1219 1213 1251 vita
1237 1220 1368 1252 caelesti

283 1269 348 1299 tuis
374 1266 502 1302 Christo
527 1266 678 1307 precibus
972 1266 1131 1299 refulsere
1154 1267 1271 1308 nitore³

275 1315 521 1348 reconciliemur
971 1316 1084 1348 vivens
1111 1318 1143 1346 et
1167 1321 1311 1347 mortuus

275 1368 475 1405 peccatores,
971 1364 1070 1396 micat
1093 1363 1203 1404 signis.

186 1434 248 1466 33.
273 1432 336 1472 Da,
362 1433 475 1471 pastor
499 1430 647 1471 benigne,
884 1431 943 1465 31).
971 1431 1133 1463 Virtutum
1162 1431 1204 1463 da
1229 1435 1346 1469 vestes„

268 1480 393 1512 Doctor
418 1478 558 1510 clemens
583 1482 614 1509 et
641 1479 746 1519 digne,
971 1479 1146 1520 Culparum
1172 1480 1252 1511 tolle
1276 1484 1396 1520 peste-s,

270 1528 395 1560 Muniri
418 1535 478 1558 nos
503 1526 556 1558 hic
581 1527 738 1570 viventes,
969 1527 1146 1560 Doctrinae
1164 1528 1290 1568 lampas
1317 1532 1349 1560 et
1373 1538 1508 1570 morum,

271 1576 345 1608 Non
374 1574 479 1607 deseri
503 1574 562 1606 abs
968 1576 1107 1608 Noctem
1134 1576 1284 1617 disperge

318 1628 352 1656 te
376 1623 561 1655 morientes.
1018 1625 1151 1657 densam
1177 1633 1332 1659 errorum.

180 1694 242 1726 4a.
270 1691 476 1725 Credendum
502 1694 551 1722 est
575 1699 647 1722 esse
883 1692 944 1725 41).
969 1692 1095 1724 Scimus
1121 1696 1154 1723 te
1181 1692 1309 1733 gemina

272 1741 362 1772 illum
385 1748 472 1772 nunc
487 1748 637 1779 magnum
660 1739 692 1770 in
712 1739 812 1777 caelo,
970 1745 1119 1773 ornatum
1141 1740 1245 1781 gloria
1269 1750 1356 1783 vere,

272 1789 334 1830 Qui
358 1791 448 1822 tanto
970 1789 995 1822 Ο
1022 1789 1124 1831 virgo,

274 1837 396 1871 Christi
422 1835 545 1867 exarsit
569 1836 650 1870 zelo.
970 1847 988 1869 0
1015 1837 1138 1878 doctor,
1166 1846 1223 1869 nos
1249 1838 1386 1871 intuere.

702 1905 734 1937 5.
761 1904 915 1938 Alleluia.

250 1981 368 2009 Prosar.
389 1989 444 2008 ms..
464 1980 654 2007 Pisciaeeuse
673 1988 751 2007 saec.
773 1977 819 2007 15.
855 1979 925 2007 Cod.
938 1981 1067 2008 Londin.
1085 1979 1186 2016 Egel-t.
1210 1978 1294 2008 2601.
1311 1981 1344 2007 A.
1366 1996 1404 1999 —
1423 1982 1509 2009 Miss.

171 2020 414 2048 Praedicatorum
441 2020 512 2055 imp.
535 2016 608 2046 15**
635 2016 787 2046 funvoust.
813 2018 998 2054 Exemplar).
1027 2021 1060 2047 Β.
1090 2034 1125 2039 -—
1154 2019 1240 2048 Miss.
1267 2020 1511 2048 Praedicatorum

173 2060 243 2094 imp.
257 2059 394 2086 Venetiis
411 2055 493 2085 1600.
511 2056 542 2084 C.
564 2073 600 2077 —
620 2057 705 2084 Miss.
719 2057 886 2084 Romanum
900 2058 972 2093 imp.
992 2056 1065 2085 1545
1077 2057 1160 2085 ·Luc.
1176 2058 1244 2085 Ant.
1258 2058 1345 2086 Iunte
1366 2059 1510 2088 heredes).

172 2098 210 2125 D.
306 2095 358 2129 23,
380 2095 397 2125 3
418 2096 648 2123 reconcilientur
667 2095 756 2123 BOD.
784 2111 823 2115 —-—
844 2093 896 2128 2b.
918 2093 937 2123 3
956 2097 1062 2124 vivens
1081 2095 1156 2123 fehlt
1177 2096 1239 2124 AC.
1259 2111 1297 2115 —
1318 2096 1372 2131 21),
1393 2096 1414 2125 4
1432 2100 1510 2126 nitet

174 2135 204 2163 C.
226 2151 263 2156 —
284 2133 339 2167 3a.
353 2135 373 2163 4
392 2135 462 2163 Non
481 2134 575 2162 deleri
589 2135 628 2162 D.
649 2148 686 2153 —
710 2131 798 2168 31),1
813 2134 964 2162 Virtutum
986 2135 1098 2162 munda
1111 2133 1142 2161 C.
1164 2149 1192 2154 -
1221 2132 1274 2167 3b,
1289 2134 1307 2164 3
1328 2145 1372 2173 sq.
1392 2139 1510 2164 noctem

174 2183 288 2202 morum
314 2174 345 2201 C.
365 2187 405 2192 —
424 2173 555 2200 Melodie
573 2172 738 2200 naffirlich:
771 2172 958 2201 Victimae
977 2173 1159 2210 paschali.

623 2285 684 2318 124.
715 2286 760 2317 De
780 2287 889 2318 saneto
910 2287 1055 2319 Antonio.

182 2361 242 2394 13.
269 2360 393 2393 Psallat
420 2367 500 2391 voce
525 2357 733 2397 laetabunda,
876 2358 941 2391 11).
968 2359 1066 2391 Plebs
1092 2359 1256 2393 Minorum
1282 2363 1392 2393 astans
1409 2362 1510 2403 laeta,

270 2408 384 2441 Solvat
407 2407 487 2441 odas
512 2415 609 2438 manu
634 2406 756 2439 munda
964 2407 1118 2440 Laudans
1143 2407 1266 2448 absque
1290 2408 1399 2442 laudis
1423 2415 1511 2443 meta

319 2457 420 2490 Sacra
445 2455 525 2488 cleri
551 2455 678 2496 coutio;
1013 2456 1135 2489 Iubilet
1160 2457 1314 2491 Antonio.
