1656 2690
183 599 244 631 la.

181 765 243 796 221.

182 929 244 962 3a.

180 1142 240 1175 4a.

180 1306 242 1340 52..

184 1472 245 1504 6a.

182 1723 245 1757 7a.

181 1939 241 1973 8a.

180 2156 240 2188 9a.

707 135 875 171 —235
930 154 971 160 —-

246 229 332 258 Miss.
356 240 410 258 ms,
431 231 626 260 Valentinum
647 240 725 259 saec.
749 229 794 260 15.
821 231 890 260 Ood.
914 232 1009 268 Capit.
1030 231 1185 261 Valentini
1209 241 1232 260 s.
1254 240 1282 259 n.
1304 232 1339 260 A.
1361 245 1399 250 —
1421 231 1505 259 Miss.

170 277 224 296 ms.
245 268 438 297 Valentinum
460 270 530 305 imp.
546 269 707 299 Valentiae
721 268 806 299 1509.
824 272 856 299 B.
878 285 916 289 —
935 271 1020 299 Miss.
1034 270 1232 299 Valentinum
1244 271 1313 307 imp.
1332 267 1406 297 15⁸*
1423 269 1455 297 G.
1470 283 1509 289 ——

169 307 256 335 Miss.
279 307 468 336 Gallicanum
490 317 548 336 sec.
568 311 699 337 consuet.
724 309 844 337 eccless.
867 309 1036 338 Sicularum
1057 311 1128 346 imp.
1154 310 1286 338 Veneriis
1311 306 1394 338 1568.
1417 308 1454 336 D.
1469 323 1508 328 —

172 343 224 379 la,
246 343 265 373 2
291 346 404 382 Nequit
429 349 526 375 tutum
553 346 612 376 BC.
644 363 679 367 —
714 344 795 382 1a‚3
816 349 899 376 Deus
930 349 1062 377 exsultat
1081 349 1123 384 A-,
1151 349 1270 376 exsulta
1288 349 1326 376 D.
1356 362 1394 366 —
1427 345 1508 382 1a,4

171 383 316 413 Caelestis
334 393 391 421 que
404 384 487 414 fovet
499 385 592 414 ABG:
609 385 759 414 Caelestia
773 387 852 422 quod
866 387 981 415 faciunt
996 387 1031 415 D.
1054 402 1090 405 —
1114 385 1165 420 lb,
1178 385 1197 415 4
1211 387 1330 423 supplet
1342 385 1457 415 ABCD.
1470 402 1507 406 —

170 420 197 457 2,
224 421 237 451 1
260 423 381 452 aethere
401 423 460 452 BG.
482 438 520 444 ——
542 422 599 460 2‚4
621 427 718 453 tecum
738 424 828 461 ABC;
851 427 881 454 et
901 434 967 454 cum
982 426 1019 453 D.
1042 440 1078 445 --
1100 423 1126 461 2,
1139 424 1156 453 5
1177 426 1320 454 Nolentes
1335 434 1405 460 ergo
1420 425 1505 454 ABG.

585 527 654 560 270.
685 527 730 559 De
753 537 778 560 s.
799 527 913 560 ottone
934 528 967 560 et
986 527 1095 560 Sociis.

271 599 438 632 Honorum
466 598 597 641 fastigio

269 647 433 680 Minorum
460 647 575 689 religio

321 695 428 728 Patris
453 699 547 728 natos
575 695 687 730 efferat

271 763 320 796 Ob
347 764 502 795 virtutum
529 771 664 796 munera

270 811 368 845 Clara
391 819 454 844 nec
479 820 543 843 non
569 810 695 852 funera,

319 859 398 899 Quis
424 858 523 892 fidem
549 859 762 902 amplificant,

272 928 355 961 Nam
382 927 473 960 missi
498 927 704 960 Marochium

267 977 453 1009 Iniunctum
479 977 645 1016 negotium

317 1024 370 1057 De
395 1024 551 1058 docendis
576 1025 727 1065 gentibus

317 1073 413 1107 Fidis
439 1075 555 1113 gerunt
579 1073 764 1116 mentibus3

267 1140 333 1172 Ast
345 1149 409 1172 non
421 1139 528 1177 silent,
543 1140 690 1180 quamvis
700 1139 813 1181 vilent,

266 1188 371 1221 Immo
385 1187 528 1220 fundunt
537 1197 597 1220 nec
610 1188 814 1221 abscondunt

316 1236 416 1270 Iubar
441 1237 632 1277 sapientiae,

270 1304 344 1337 Non
370 1305 481 1336 allecti
509 1303 741 1337 blandimentis

267 1353 330 1386 His
357 1353 477 1385 deiecti
502 1361 564 1385 nec
588 1353 760 1386 tormentis

317 1402 424 1435 Iesum
453 1402 533 1434 dant
559 1401 770 1436 laudabilem.

272 1471 324 1502 Ac
347 1469 382 1502 in
406 1469 543 1502 latebris
570 1468 777 1513 concludunt7

271 1518 339 1553 Ubi
365 1517 523 1558 spoliatos
546 1517 684 1550 trudunt

321 1566 522 1600 Constrictos
547 1575 608 1606 per
632 1565 788 1607 ligamina

318 1614 477 1648 Punctiva
502 1623 601 1655 super
626 1614 794 1649 stramina.

271 1722 407 1762 Hosque
432 1721 561 1754 saevior
586 1722 739 1761 serpente

272 1771 379 1803 Enses
406 1769 560 1811 frangens
585 1773 652 1802 tres
679 1772 814 1809 repente

318 1820 384 1852 Sua
407 1827 506 1851 manu
533 1818 709 1851 decollavit

317 1870 369 1901 Ae
395 1867 534 1900 cremari
562 1866 783 1900 demandavit.

271 1937 416 1978 Quorum
444 1944 585 1977 corpora
611 1935 758 1969 condivit

268 1986 355 2019 Fida
379 1985 474 2027 plebs
501 1987 534 2018 et
559 1984 723 2026 sepelivit,

316 2035 383 2068 Sed
393 2034 458 2067 fert
467 2033 615 2067 Christus
622 2043 651 2065 m
657 2036 747 2066 entes
755 2032 855 2074 caelo,

317 2086 407 2125 Quae
433 2085 602 2116 certarunt
621 2085 712 2115 tanto
731 2082 813 2123 zelo,

268 2153 369 2196 Ergo,
397 2152 485 2185 vitae
511 2150 705 2192 concupitae

317 2201 410 2235 Finis
438 2203 471 2232 et
496 2200 676 2238 exordium,

269 2252 433 2285 Summum
442 2257 687 2290 numen‚verum
694 2248 813 2290 lumen,

318 2300 404 2342 Iesu,
434 2298 550 2331 dulcor
576 2297 733 2338 cordium,

882 600 940 634 1b.

883 763 942 797 2b.

882 928 942 962 3b.

881 1140 941 1175 412.

883 1305 943 1340 5b.

881 1470 940 1503 6b.

882 1721 942 1754 71).

882 1935 943 1969 sb.

884 2150 943 2184 910.

968 600 1118 633 Ottonem
1144 608 1215 632 cum
1241 600 1367 644 ceteris,

970 649 1055 688 Quos
1080 648 1113 681 in
1139 648 1274 680 thronos
1299 648 1440 681 aetheris

1017 696 1116 729 Plebs
1143 699 1271 729 evectos
1299 696 1453 730 celebrat.

968 763 1202 804 Exemplorum
1227 764 1381 807 moribus,

969 811 1140 852 signorum
1165 811 1396 852 splendoribus

1019 860 1222 900 Cunctosque
1249 858 1439 894 clarificant.

971 927 1036 960 Cur
1060 936 1172 969 regum
1199 927 1386 968 crudelitas,

971 975 1085 1009 Gentis
1108 974 1285 1008 infidelitas

1018 1024 1109 1056 Duro
1134 1024 1271 1056 mulctos
1298 1023 1434 1057 verbere

1017 1073 1087 1105 Hos
1113 1072 1257 1105 occludit
1282 1080 1423 1107 carcere.

968 1139 1187 1180 Detestantes‚
1215 1142 1427 1179 aspernantes

968 1188 1135 1222 Idolorum
1161 1187 1373 1228 profanorum

1016 1237 1128 1269 Ritum
1155 1236 1398 1269 exsecrabilem.

972 1305 1097 1337 Rursus
1122 1304 1203 1345 ipsis
1229 1304 1306 1336 hinc
1330 1304 1463 1337 lictores

969 1351 1124 1394 infligunt
1146 1352 1330 1393 asperiores

1017 1402 1139 1441 Plagas
1166 1403 1199 1432 et
1225 1400 1420 1442 certamina3

968 1468 1157 1502 Eorundem
1182 1468 1392 1500 seductorum

967 1517 1058 1558 Rege
1083 1517 1141 1549 sed
1167 1516 1410 1549 Marochiorum

1019 1566 1137 1600 Coram
1177 1569 1337 1606 spernunt
1378 1565 1513 1598 Macho-

1279 1617 1420 1655 metum3

1019 1663 1075 1695 Ira
1099 1662 1216 1702 pandit
1240 1671 1276 1695 se
1301 1662 1474 1703 repletum.

969 1720 1081 1762 Rogus
1106 1719 1165 1753 sed
1191 1729 1256 1752 non
1280 1720 1388 1761 tangit
1411 1720 1487 1753 illos

971 1769 1079 1803 Urens
1105 1768 1246 1809 quidem,
1280 1777 1340 1801 nec
1366 1769 1512 1814 capillos

1019 1818 1090 1850 Nec
1115 1817 1178 1850 hoc
1202 1817 1275 1850 loco
1302 1817 1385 1850 citra
1408 1817 1504 1860 pluit,

1020 1866 1114 1906 Quod
1128 1865 1323 1906 stupendum
1339 1870 1389 1900 est
1399 1870 1429 1899 et
1440 1864 1512 1901 fuit.

972 1934 1040 1968 Hos
1068 1942 1226 1967 coronans
1253 1934 1338 1967 trino
1364 1937 1452 1967 serto

971 1983 1075 2016 Nobis
1101 1992 1234 2023 prorsus
1260 1983 1432 2024 inexperto

1023 2032 1060 2065 In
1088 2032 1221 2064 caelesti
1246 2031 1351 2074 gloria

1020 2081 1154 2121 Adepta
1177 2080 1326 2114 victoria.

971 2148 1040 2182 Fac
1065 2158 1124 2181 nos
1150 2157 1250 2190 puros
1278 2151 1311 2181 ct
1335 2157 1466 2183 securos

1019 2198 1072 2231 Ab
1098 2197 1221 2230 inferni
1246 2197 1341 2242 furia,

970 2246 1096 2280 Horum
1123 2255 1222 2287 prece
1247 2249 1352 2280 strata
1377 2255 1457 2280 nece

1021 2296 1150 2329 Locans
1177 2296 1259 2329 caeli
1285 2297 1384 2330 curia.

586 2367 643 2401 10.
670 2366 777 2399 Amen
804 2365 916 2399 dicant
941 2366 1061 2398 omnia.

246 2436 332 2465 Miss.
353 2446 408 2465 ms.
422 2436 615 2465 Franciscan.
632 2434 886 2463 Amstelodamen.
916 2435 988 2462 anni
1006 2431 1089 2462 1531.
1126 2432 1196 2462 Cod.
1213 2434 1363 2461 Weerten.
1379 2432 1422 2459 Fa
1437 2430 1463 2460 7.
1478 2446 1516 2450 —

169 2474 223 2512 51),
246 2474 261 2505 1
282 2476 418 2504 lectores.
440 2490 479 2494 —
500 2473 554 2510 612,
578 2473 593 2504 1
615 2474 788 2504 Eorundem
810 2474 862 2503 sed
882 2475 1031 2502 votorum.
