1656 2690
744 129 1006 164 —269—

634 223 692 256 311.
723 222 767 255 De
786 231 812 255 s.
836 223 956 256 Thoma
977 225 1143 266 Aquinate.

213 294 270 327 la.
300 294 325 327 O
352 303 447 334 quam
475 294 515 326 de
541 295 629 327 claro
655 304 774 337 genere

301 342 463 374 Donatum
491 342 551 375 Dei
578 353 713 377 munere

348 391 479 424 Clarum
504 392 595 424 sidus
622 394 734 438 oritur,

210 459 272 492 2a.
300 458 387 491 Dum
412 458 578 499 profunda
603 459 773 495 fluviorum

299 507 532 548 Tenebrasque
556 511 755 542 secretorum

347 557 389 589 In
412 556 521 589 lucem
545 557 711 598 produxit.

213 625 272 658 3a.
303 623 400 657 Cuius
427 623 554 665 fulgida
581 626 731 659 doctrina

300 672 398 712 Quasi
424 673 520 705 stella
544 675 703 707 matutina

351 721 492 754 Errores
518 723 665 763 nudavit,

918 297 976 331 lb.
1006 297 1105 330 Cuius
1131 297 1327 330 illuminatio

1006 345 1162 378 Veritatis
1186 347 1378 379 monstratio

1055 394 1181 428 Lucide
1207 394 1398 438 dinoscitur,

917 462 977 496 2b.
1004 463 1065 504 Qui
1091 462 1288 495 clarissimus
1316 463 1494 498 doctorum.

1003 511 1181 544 Reserator
1204 511 1379 554 oculorum,

1054 558 1181 592 Clarior
1206 559 1326 594 illuxit.

919 627 977 661 3b.
1004 627 1189 660 Literarum
1218 627 1419 671 documenta,

1005 674 1199 716 Figurarum
1226 678 1430 707 sacramenta

1054 725 1154 757 Plene
1178 724 1347 757 revelavit.

212 790 274 821 4a.
303 789 481 830 Tamquam
507 788 625 822 lucifer
650 799 793 829 serenUS,
916 791 977 824 412.
1002 791 1087 823 Nam
1111 791 1264 831 gradiens
1289 800 1349 831 per
1375 792 1470 824 devia

302 837 428 879 GlaruS,
456 837 560 870 dulcis
586 842 618 871 et
642 847 795 871 amoenus
1006 840 1187 873 Ooruscans
1211 839 1245 870 in
1272 840 1409 872 ecclesia

349 886 469 919 Orbem
494 886 681 931 illustravit,
1052 887 1194 921 Pulchre
1219 888 1421 921 scintillavit.

214 955 274 986 5a.
302 953 455 994 ThomaS,
484 954 598 986 doctor
624 955 769 993 eximius,
919 956 978 989 5b.
1006 957 1045 989 In
1072 955 1246 988 sanctitate
1272 955 1399 997 claruit,

301 1001 426 1034 Lumen
453 1002 629 1042 splendens
655 1004 791 1037 nitidius
1005 1005 1134 1037 Morum
1158 1004 1307 1043 exempla
1331 1003 1484 1044 praebuit

347 1049 480 1083 Ardore
506 1051 663 1094 caritatis,
1054 1050 1267 1086 Conformans
1294 1061 1329 1084 se
1353 1052 1470 1085 beatis.

215 1119 234 1151 6
249 1127 278 1150 a.
307 1118 471 1151 Virtutum
497 1118 552 1158 qui
577 1120 804 1160 progressibus
917 1120 975 1155 o'b.
1005 1120 1120 1154 Carnis
1145 1119 1410 1161 incorruptionis,

304 1166 477 1206 Sacrisque
502 1175 631 1208 semper
656 1168 782 1200 actibus
1003 1168 1100 1201 Fidei
1124 1168 1337 1208 promotionis

349 1215 437 1247 Mire
464 1215 653 1256 decoratum
1051 1217 1154 1250 Sertis
1180 1217 1349 1257 gloriatur.

214 1284 274 1316 7a.
302 1281 366 1315 Hic
390 1292 491 1323 purus
518 1293 536 1315 a
562 1282 740 1325 cunabulis,
916 1285 973 1319 7b.
1000 1285 1122 1325 Mente,
1147 1285 1266 1325 spiritu
1293 1285 1460 1318 candescit

300 1331 431 1364 Peccati
457 1340 571 1364 carens
598 1334 731 1366 maculis
1002 1334 1053 1366 Ac
1077 1334 1243 1366 miraculis
1269 1334 1420 1366 clarescit

348 1380 501 1413 Criminis
527 1381 646 1421 letalis,
1055 1383 1243 1415 Illustrator
1268 1383 1356 1417 talis,

209 1448 271 1481 Sa.
299 1448 431 1481 Ordinis
461 1448 730 1482 Praedicatorum
915 1450 975 1484 8b.
1002 1450 1058 1482 Ad
1083 1457 1267 1489 supremam
1293 1449 1525 1490 monarchiam,

298 1496 370 1529 Lux
398 1496 561 1538 decusque
586 1499 772 1530 meritorum
1002 1497 1201 1532 Creatricem
1227 1501 1259 1529 et
1285 1498 1397 1541 usiam,

348 1546 476 1579 Virtute
501 1547 695 1586 provehitur
1048 1546 1144 1580 Felix
1171 1555 1235 1587 qua
1261 1545 1448 1588 perfruitur.

208 1617 269 1648 Ua.
297 1615 336 1646 ln
361 1614 512 1655 polorum
536 1615 702 1647 ierarchia
914 1616 974 1649 eb.
1001 1616 1137 1649 intuens
1159 1614 1330 1657 auxiliare,

300 1663 379 1706 Tua,
408 1665 512 1706 pater,
537 1672 636 1704 prece
660 1664 716 1704 pia
1004 1665 1162 1697 Praesens
1188 1663 1442 1697 transfretantes
1460 1673 1552 1696 mare

348 1711 503 1745 Nostram
530 1712 692 1744 miseriam
1050 1711 1208 1745 Transfer
1234 1712 1277 1745 ad
1302 1713 1454 1753 patriam.

282 1778 371 1807 Grad.
398 1787 452 1806 ms.
482 1777 512 1806 S.
541 1778 729 1807 Katherinae
756 1778 975 1808 Divodu1·‹msis
1026 1788 1044 1807 a
1074 1801 1085 1806 ..
1116 1777 1160 1807 14.
1209 1779 1280 1808 Ood.
1306 1780 1443 1808 Vatican.
1472 1789 1495 1808 s.
1521 1789 1551 1807 n.

198 1816 248 1854 (ol.
273 1815 346 1854 120).
369 1817 436 1846 add.
459 1826 536 1846 saec.
560 1815 605 1846 15.

629 1942 692 1975 312.
714 1943 759 1975 De
780 1950 805 1974 s.
826 1942 943 1974 Thema
963 1943 1129 1984 Aquinate.

209 2017 225 2050 1
240 2025 269 2050 a.
297 2015 422 2054 Lauda,
451 2014 539 2060 Sion,
568 2016 747 2049 increatam
915 2016 974 2050 lb.
1004 2015 1111 2049 Causa
1134 2015 1242 2048 laudis
1259 2026 1346 2049 nunc
1363 2018 1413 2049 est
1430 2017 1550 2050 ardens

294 2064 416 2097 Lucem
440 2073 562 2107 veram,
590 2074 668 2097 vere
693 2069 803 2099 natam
1001 2065 1046 2097 Et
1070 2065 1205 2098 lucerna
1231 2074 1307 2098 vere
1332 2066 1444 2099 lucens

344 2113 397 2146 De
421 2113 532 2147 Maria
557 2114 703 2155 virgine3
1050 2113 1205 2147 Veritatis
1230 2114 1362 2149 lumine.

206 2195 268 2227 2a.
296 2193 422 2227 Doctor
447 2192 589 2225 Thomas
623 2196 674 2226 est
697 2194 843 2234 lucerna,
912 2192 974 2227 2b.
1002 2193 1094 2226 Inter
1120 2194 1210 2224 astra
1236 2192 1423 2233 vespertina

294 2243 384 2283 Quae
411 2241 452 2274 de
477 2241 550 2274 luce
575 2243 775 2284 sempiterna
1001 2241 1099 2282 Quasi
1125 2241 1222 2273 stella
1247 2243 1408 2275 matutina

340 2292 438 2325 Nunc
463 2299 602 2324 accensa
627 2292 747 2325 radiat.
1049 2290 1230 2331 Singularis
1255 2291 1381 2326 rutilat.

203 2372 223 2404 :3
236 2380 265 2403 a.
293 2371 405 2410 Qualis
432 2372 519 2403 esset
542 2370 727 2403 nasciturus
911 2370 970 2404 3b.
998 2368 1549 2410 SanctusThomas‚nondumnatus

296 2420 510 2453 Praedicator
537 2422 570 2452 et
596 2420 751 2453 docturus
998 2417 1077 2451 Fuit
1101 2417 1197 2449 matri
1223 2421 1502 2458 praemonstratus

343 2468 564 2504 Christianum
590 2469 747 2510 populum
1057 2462 1156 2511 [Per]
1173 2466 1307 2499 verbum
1317 2466 1555 2508 propheticum.
