1656 2690
718 121 959 158 „63”-

596 216 645 248 59.
677 217 713 249 In
733 215 960 250 Purifieatione
979 216 1070 248 BMV.

181 290 242 323 la.
270 288 478 330 Germinavit
497 287 594 320 radix
619 288 720 329 Iesse,

269 337 368 378 Virgo
393 339 498 369 mater
524 335 633 376 coepit
656 344 726 368 esse

313 385 511 426 Peperitque
533 382 654 424 filium3

178 456 238 487 2a.
265 453 471 485 Humanatur
495 451 631 485 verbum
656 453 760 492 patris

266 501 314 534 Et
346 501 381 533 in
407 501 513 533 sinum
536 500 669 533 missum
694 502 809 534 matris

313 550 345 582 A
371 558 512 590 superno
539 549 672 582 cardine

180 620 241 653 3a.
268 617 368 658 Virgo
394 618 492 660 parit,
518 616 610 659 virgo
633 619 752 659 manet,

267 666 313 698 Et
336 668 373 698 ut
397 666 486 698 Deus
511 668 644 698 nostrae
669 668 762 698 sanet

318 714 489 747 Cicatricis
517 713 662 755 vulnera,

178 785 239 818 4a.
266 782 370 822 Spina
393 780 505 815 fiorem
530 782 726 824 procreavit,

270 830 368 864 Cuius
394 831 476 863 odor
501 830 672 871 recreavit,

266 879 458 912 Recreando
483 878 655 912 suscitavit

318 928 388 960 Iam
413 926 589 961 foetentem
613 927 774 960 Lazarum
785 940 793 970 ;

180 998 239 1030 5a.
268 995 380 1028 Rubus
415 996 578 1036 quondam
603 996 711 1028 salvus
736 996 811 1036 igne

271 1043 399 1076 Novum
424 1044 551 1084 signum
576 1046 610 1075 et
631 1044 758 1085 insigne

270 1092 358 1133 Fuit,
387 1092 427 1125 de
453 1102 515 1134 quo
542 1090 606 1125 fari
632 1092 729 1133 digne

319 1141 538 1174 Transcendit
560 1140 741 1182 ingenium3

183 1211 243 1243 Ga.
272 1208 379 1248 Salve,
406 1209 509 1249 virgo,
534 1209 593 1241 sed
622 1207 774 1249 fecunda,

273 1256 379 1298 Salve,
406 1259 522 1299 mater,
549 1256 640 1297 virgo
666 1258 799 1299 munda,

270 1305 356 1337 Tuos
382 1314 493 1338 servos
519 1315 539 1338 a
562 1303 729 1345 profunda

319 1353 442 1386 Libera
468 1353 633 1395 voragine.

183 1424 202 1456 7
216 1432 246 1456 a.
274 1422 349 1455 Iesu
374 1421 468 1463 bone,
496 1430 571 1463 spes
597 1422 774 1465 lapsorum,

272 1471 352 1503 Piae
375 1471 488 1503 matris
513 1479 612 1512 prece
639 1471 771 1503 chorum

271 1519 375 1552 Istum
399 1519 491 1552 salva
515 1528 574 1553 nos
600 1519 763 1552 caelorum

318 1568 450 1601 Ducens
476 1569 519 1601 ad
543 1568 677 1609 palatia,

877 287 937 320 lb.

879 451 941 485 ab.

878 617 938 650 3b.

879 782 943 815 41).

877 995 936 1029 5b.

883 1209 941 1243 6b.

883 1422 941 1456 7b.

963 287 1056 319 Novo
1082 286 1192 319 fructu
1217 285 1423 326 fecundatur,

965 335 1031 368 Sed
1056 344 1121 368 non
1147 337 1255 366 tamen
1282 333 1459 367 defloratur

1014 382 1183 424 Virginale
1206 382 1323 417 lilium.

968 451 1023 484 Ad
1050 451 1193 491 priorem
1222 453 1316 483 vocat
1340 452 1460 484 statum

966 500 1075 533 Adam
1100 507 1197 538 pomo
1224 499 1436 540 degradatum

1016 547 1194 590 Dignitatis
1220 548 1336 582 omine.

964 617 1100 649 Terram
1126 615 1212 656 rigat
1236 625 1320 648 novo
1346 624 1420 649 rore

964 665 1009 698 Et
1033 663 1179 697 infundit
1202 673 1286 696 novo
1312 672 1402 697 more

1016 712 1180 747 Gredeonis
1205 713 1341 747 vellera.

970 782 1070 823 Virgo
1096 789 1205 821 regem
1231 780 1409 822 generavit,

968 831 1064 864 Cuius
1090 832 1181 863 ortus
1210 830 1426 869 conturbavit,

967 878 1200 913 conturbando
1225 877 1441 919 triumphavit

1014 927 1060 960 Et
1085 925 1246 967 confregit
1270 929 1439 959 tartarum.

964 995 1077 1028 Rubus
1103 994 1207 1035 ardet,
1235 1003 1295 1027 nec
1320 994 1448 1027 ardoris

967 1044 1119 1076 Flamma
1141 1043 1230 1083 perit
1255 1043 1353 1076 decor
1377 1040 1479 1082 floris,

968 1092 1068 1134 Virgo
1094 1091 1182 1133 parit
1206 1100 1268 1123 nec
1293 1091 1426 1132 pudoris

1017 1140 1133 1174 Perdit
1158 1139 1375 1181 privilegium.

970 1209 1032 1242 Via
1058 1208 1149 1247 caeli,
1177 1207 1262 1248 regis
1290 1208 1381 1247 cella,

969 1257 1070 1290 Porta
1096 1256 1216 1297 clausa,
1243 1257 1343 1288 maris
1370 1256 1475 1297 stella,

970 1305 1037 1338 Nos
1063 1315 1083 1338 a
1106 1304 1207 1336 maris
1234 1304 1297 1337 duc
1321 1304 1467 1345 procella

1018 1353 1064 1386 Et
1089 1363 1108 1386 a
1132 1353 1244 1385 mundi
1271 1353 1412 1385 turbine.

965 1422 1013 1455 Ut
1037 1431 1056 1454 a
1080 1422 1152 1454 iure
1176 1421 1356 1454 Pharaonis

968 1470 1015 1503 Et
1038 1468 1172 1503 fornace
1196 1469 1375 1510 Babylonis

969 1519 1059 1552 Salvi
1084 1522 1159 1551 tuae
1184 1518 1318 1551 visionis

1017 1566 1228 1601 Perfruamur
1253 1567 1366 1608 gloria.

250 1635 336 1664 Miss.
356 1644 410 1663 ms.
434 1635 648 1663 Cameracense
668 1643 745 1663 saec.
768 1633 813 1663 14.
849 1634 920 1663 Cod.
943 1635 1131 1663 Oameraeen.
1149 1632 1214 1662 123.
1234 1634 1269 1661 A.
1293 1649 1330 1653 —
1349 1634 1434 1662 Miss.
1456 1642 1510 1661 ms.

174 1675 339 1702 Casinense
368 1683 444 1702 saec.
473 1671 517 1702 14.
547 1682 591 1701 ex.
635 1673 704 1701 Cod.
735 1674 873 1703 Casinen.
903 1671 966 1702 128.
989 1674 1023 1702 B.
1053 1689 1089 1694 —
1118 1673 1280 1701 Colleetan.
1310 1682 1363 1701 ms.
1391 1672 1511 1701 Clarae-

174 1713 309 1741 vallense
324 1721 400 1741 saec.
418 1711 461 1741 15.
498 1712 568 1741 Cod.
583 1713 704 1740 Trecen.
722 1711 805 1742 1612.
822 1711 853 1740 G.
874 1728 913 1731 ἢ
935 1712 986 1747 1b,
1001 1711 1019 1740 2
1035 1715 1136 1741 tamen
1150 1721 1211 1740 non
1226 1712 1257 1740 O.
1279 1726 1318 1731 —
1338 1710 1389 1745 2a,
1405 1709 1423 1739 2
1438 1711 1513 1739 Cum

173 1753 206 1779 in
218 1752 253 1780 B.
312 1767 313 1770 =
335 1750 387 1786 21),
409 1750 427 1779 2
447 1761 535 1789 pomo
556 1751 719 1787 spoliat-um
738 1753 772 1780 B.

852 1750 903 1787 2b,
925 1749 943 1780 3
965 1751 1069 1780 ordine
1089 1750 1119 1779 Ο.
1141 1766 1180 1770 -
1200 1749 1256 1785 3b‚
1279 1749 1294 1778 1
1316 1759 1398 1780 more
1418 1751 1451 1779 B.
1474 1765 1510 1769 —

172 1788 225 1826 3b,
250 1789 268 1818 2
287 1790 426 1819 infundat
445 1800 523 1819 novo
545 1799 613 1819 rore
634 1791 665 1818 Β.
693 1806 728 1810 -
752 1791 809 1820 Str.
831 1789 876 1819 5a
895 1800 924 1819 u.
946 1789 989 1819 51>
1010 1791 1110 1819 fehlen
1130 1790 1164 1818 A.
1185 1804 1225 1808 —
1246 1788 1297 1825 610,
1322 1788 1336 1818 1
1357 1790 1415 1818 Pia
1435 1790 1511 1818 caeli

172 1830 231 1859 BC.
251 1844 290 1850 —-
311 1828 369 1857 Str.
392 1828 435 1858 ’ἵει
453 1839 482 1858 u.
501 1829 544 1859 Ἠ)
564 1829 664 1857 fehlen
683 1830 718 1858 A.
741 1845 776 1849 —
801 1830 854 1865 7a,
876 1827 895 1858 3
915 1830 1037 1858 salvans
1060 1832 1095 1858 B.
1115 1845 1155 1849 —
1174 1828 1227 1864 710,
1252 1827 1267 1857 1
1289 1829 1333 1857 Ut
1353 1829 1384 1858 C.

611 1945 660 1978 60.
691 1945 727 1978 In
747 1945 970 1986 Assumptione
990 1944 1080 1977 BMV.

181 2017 241 2051 1a.
270 2017 423 2050 Sanctum
451 2018 536 2050 diem
563 2018 761 2051 celebremus

267 2066 428 2107 gloriosae
455 2067 640 2108 genetricis,

179 2137 238 2169 2a.
265 2135 365 2175 Quem
389 2138 523 2176 portare
548 2136 667 2169 meruit

265 2185 300 2216 in
325 2186 430 2227 utero,

265 2233 372 2272 ipsum
394 2241 555 2275 rogemus,

266 2283 302 2314 ut
327 2281 499 2315 abstrahat
524 2282 678 2325 crimina3

180 2355 239 2387 3a.
265 2350 395 2384 Laudes
420 2351 471 2383 illi
496 2351 675 2385 referamus

267 2399 409 2441 sedulas,
437 2410 520 2442 quae
542 2401 699 2435 baiulavit

265 2448 461 2483 salvatorem
487 2449 673 2484 Dominum.

880 2017 939 2052 1b.

877 2136 937 2169 2b.

877 2351 939 2387 310.

968 2017 1070 2057 Quam
1083 2017 1238 2050 Dominus
1255 2017 1347 2050 Iesus
1363 2015 1510 2049 Christus

968 2064 1041 2111 (ad)
1068 2075 1158 2099 suam
1184 2066 1296 2098 sedem
1322 2064 1504 2098 collocavit.

966 2137 1078 2176 Ipsum
1104 2143 1254 2176 rogemus
1280 2138 1377 2176 atque

969 2185 1192 2227 deprecemur,

965 2237 1002 2266 ut
1027 2234 1094 2267 eius
1119 2233 1245 2265 meritis

967 2289 1201 2325 consequamur
1220 2281 1368 2323 gratiam.

967 2351 992 2385 Ο
1020 2352 1162 2392 gloriosa
1187 2350 1335 2391 genetrix

967 2400 1068 2441 virgo,
1097 2409 1155 2432 ora
1177 2402 1213 2431 tu
1238 2408 1298 2440 pro
1324 2397 1419 2431 nobis

968 2449 1057 2490 apud
1083 2451 1172 2481 tuum
1197 2447 1311 2483 filium.
