1656 2690
739 127 997 164 -278—

547 221 618 255 324.
649 222 694 254 De
713 230 753 254 ss.
774 220 884 254 Vitale
906 223 939 254 et
958 221 1122 264 Agricola.

613 285 645 319 1.
671 284 854 326 Martyrum
879 284 974 317 nobis

671 331 791 365 festum
816 333 931 365 rutilat

671 381 768 414 valde
793 381 967 424 egregium,

188 449 249 481 2a.
278 447 396 480 Vitalis
421 458 483 481 nec
884 449 943 483 2b.
969 448 1140 491 Faucium,

274 505 338 529 non
363 497 603 539 Agricolaeque
972 497 1059 530 servi
1086 497 1282 538 dominique,

189 565 249 597 3a.
277 564 362 604 Quos
387 566 462 598 aula
885 564 945 598 3b.
971 564 1100 597 Idcirco

277 613 427 646 caelestis
973 612 1088 645 sedula

276 661 441 703 possidet;
467 665 599 695 strenue
972 661 1083 701 polum
1107 660 1273 701 pulsemus
1297 669 1388 702 voce,

191 730 252 763 4a.
280 728 348 768 Quo
374 730 467 762 nobis
886 728 946 762 4b.
973 728 1096 761 Eorum

279 777 428 811 conditor
971 776 1124 817 precibus

281 821 530 870 [conditorum]
557 834 640 866 quae
973 828 1158 858 nostrorum
1180 833 1284 857 noxas

280 873 470 916 subsistunt,
498 877 684 906 cunctorum
974 873 1132 906 dissolvat
1154 872 1303 914 penitusg

194 943 254 974 5a.
281 941 363 980 Quia
386 942 487 974 moles
889 941 948 976 5b.
974 940 1026 973 Ea
1049 942 1185 981 propter

282 989 473 1022 delictorum
975 987 1136 1028 organicis

282 1045 397 1077 graves
422 1037 541 1078 iugiter
975 1035 1115 1067 modulis
1139 1043 1254 1075 preces

281 1088 434 1125 premunt
457 1094 515 1117 nos
541 1085 676 1118 scelere.
978 1084 1193 1124 depromanus
1220 1083 1265 1115 ei:

195 1154 254 1185 6a.
282 1151 307 1184 O
337 1151 396 1183 Dei
890 1150 949 1185 6b.
976 1149 1084 1190 Dilue,

281 1202 368 1231 trina
979 1195 1027 1241 (et
1051 1195 1228 1242 abs)terge‚

281 1248 445 1289 maiestas,
978 1255 1181 1289 quaesumus,

281 1296 390 1328 unitas
977 1297 1105 1326 tuorum

284 1344 415 1378 deitatis
441 1344 614 1385 praecluis,
977 1343 1172 1383 populorum
1197 1341 1344 1375 funditus

673 1403 704 1435 7.
733 1401 889 1435 Crebrum
916 1401 1033 1433 scelus.

264 1459 354 1488 Grad.
376 1468 430 1487 ms.
452 1459 481 1487 S.
495 1459 653 1487 Laurentii
674 1459 707 1485 in
724 1459 843 1486 Vei-ano
854 1455 891 1490 (P)
911 1465 988 1485 saec.
1003 1455 1026 1473 ¹⁰
1041 1466 1078 1485 ιι.
1099 1457 1171 1485 God.
1184 1457 1211 1485 A
1254 1457 1319 1485 elic.
1330 1458 1355 1485 B
1365 1458 1412 1485 III
1425 1455 1471 1485 18.
1482 1471 1518 1476 —

185 1498 239 1533 4a,
264 1497 279 1526 1
302 1498 360 1532 Qui
380 1498 477 1526 nobis.
498 1513 536 1517 —
556 1496 611 1532 4b,
634 1494 652 1524 3
672 1504 759 1524 noxa.
779 1512 819 1515 —
839 1495 891 1530 5a,
912 1494 932 1524 4
951 1496 1072 1524 scelera.
1093 1510 1132 1515 —
1152 1494 1205 1530 5b‚
1267 1496 1465 1532 Quapropter.

608 1590 678 1622 325.
713 1589 753 1621 De
774 1590 887 1621 saneta
911 1588 1095 1631 Walburga.

551 1664 582 1698 1.
610 1662 819 1696 Gratulemur
843 1670 901 1694 uos
926 1662 962 1694 in
983 1662 1065 1703 Deo,

610 1711 671 1751 Qui
695 1710 850 1743 sublimat
874 1710 908 1742 in
932 1713 1066 1752 tropaeo

612 1759 667 1792 Sic
687 1758 852 1799 pusillum,
879 1759 965 1798 quod
989 1759 1024 1790 in
1050 1768 1087 1791 eo

658 1807 815 1847 Princeps
839 1806 953 1839 mundi
978 1807 1130 1842 vincitur.

199 1878 260 1910 2a.
288 1875 747 1918 Princeps,inquam‚serpens
757 1874 824 1915 ille,
892 1873 955 1906 2b.
981 1874 1079 1906 Hunc
1095 1874 1287 1916 Walburga,
1312 1875 1401 1915 virgo
1420 1877 1521 1917 casta,

289 1924 349 1963 Qui
375 1934 432 1957 nos
457 1927 554 1965 gyrat
578 1923 662 1956 dolis
688 1922 788 1962 mille,
981 1922 1047 1956 Sub
1074 1922 1203 1954 virtutis
1229 1923 1310 1955 vicit
1333 1923 1439 1963 hasta,

290 1972 387 2005 Cuius
413 1972 502 2006 faces
529 1976 562 2004 et
585 1971 750 2004 scintillae
982 1970 1078 2002 Stans
1105 1973 1215 2003 erecta
1239 1971 1332 2011 quasi
1359 1974 1452 2004 vasta

337 2020 419 2054 Sunt
443 2021 486 2053 ad
511 2019 751 2061 praecipitium.
1029 2019 1144 2051 Turris
1174 2022 1288 2052 contra
1311 2019 1437 2054 vitium.

201 2090 262 2122 3a.
292 2087 415 2120 Contra
437 2088 550 2120 luxum
575 2086 744 2125 solidatur,
894 2085 952 2120 3b.
981 2085 1046 2118 Sed
1079 2087 1272 2126 prudentem
1300 2088 1526 2129 comprobavit

291 2135 355 2168 Sed
380 2135 443 2168 hoc
464 2136 533 2168 solo
555 2144 620 2167 non
644 2137 790 2167 armatur
980 2134 1122 2176 Lampas
1133 2135 1264 2177 ardens,
1275 2145 1370 2176 quam
1381 2137 1522 2179 paravit,

289 2183 355 2223 Sic,
381 2188 418 2215 ut
441 2184 544 2216 hostis
572 2183 772 2222 devincatur,
982 2181 1080 2215 Cuius
1106 2183 1263 2223 splendor
1288 2184 1474 2217 coruscavit

338 2231 373 2264 Si
400 2232 485 2264 desit
508 2231 694 2272 prudentia.
1029 2232 1069 2264 In
1095 2232 1206 2272 sponsi
1231 2233 1427 2272 praesentia.

201 2303 263 2334 4a.
290 2299 365 2331 Non
392 2298 573 2339 deprendet
599 2298 666 2330 eius
688 2301 826 2330 mentem
893 2298 954 2332 4b.
979 2298 1046 2330 Per
1071 2298 1208 2331 virtutes
1233 2299 1316 2331 haec
1338 2300 1502 2334 instructa

292 2348 409 2380 Somno
436 2347 550 2387 culpae
575 2347 786 2379 dormientem
981 2345 1085 2379 Nefas
1111 2347 1190 2379 vicit
1214 2346 1291 2380 forti
1317 2348 1416 2389 lucta,

293 2395 836 2437 Sponsusvocans‚sedpsallentem
983 2394 1072 2436 Ergo
1096 2395 1219 2436 gaudet
1241 2397 1429 2431 introducta

340 2445 471 2478 Laudat
493 2445 528 2477 in
553 2443 682 2485 vigiliis,
1030 2445 1069 2477 In
1097 2444 1179 2476 caeli
1204 2445 1357 2480 cellariis.
