1656 2690
691 126 956 162 —117—

162 218 180 250 -1
194 227 223 252 a.
253 218 349 251 Lucis
372 220 472 252 ardor
498 220 617 254 clibani
858 225 918 260 410.
947 224 1030 257 Nam
1055 226 1126 258 auri
1152 225 1299 258 vilissimi

253 267 337 299 Vere
362 266 427 301 fuit
447 269 506 301 sub
535 272 612 310 typo
946 273 1024 306 Zelo
1050 273 1114 307 Dei
1140 276 1245 307 motus
1273 278 1323 306 est

300 317 395 349 Valle
419 321 541 349 nostra.
998 321 1103 355 Carne
1128 326 1289 363 prompta.

161 395 221 426 Sa.
249 393 436 427 Marcianus
463 395 580 436 oravit,
861 398 919 432 512.
947 399 1043 431 Miris
1070 407 1140 431 cum
1168 400 1364 440 martyribus

251 442 314 474 Pro
340 441 410 475 filia
435 443 563 483 cecinit,
948 446 1058 487 Atque
1085 446 1327 480 confessoribus

251 488 316 522 Sed
343 499 404 523 nee
428 490 510 524 fides
537 492 658 524 desinit
949 494 1108 535 Splendet
1132 496 1186 527 hie
1209 495 1382 527 virtutibus

297 538 381 571 Esse
405 548 504 575 mera.
996 543 1060 575 Per
1083 543 1264 583 praedicta.

163 616 221 649 621.
249 615 425 649 Excelsum
451 626 486 650 re
513 626 591 650 vera
860 620 919 654 6b.
947 619 1080 662 Antoni,
1108 628 1260 662 propera,

251 663 357 697 Docet
381 665 467 697 hunc
492 667 598 708 litera,
948 668 1019 699 Tua
1044 676 1103 709 per
1129 677 1229 708 opera

252 712 377 746 Poenas
401 713 534 746 sustulit
946 716 1009 748 Pro
1034 715 1129 748 nobis
1153 724 1227 748 ores

299 763 332 792 et
355 770 483 801 aspera.
995 764 1037 796 ad
1063 764 1205 797 aethera.

229 836 313 865 Miss.
328 837 471 866 'Dunense
484 839 556 873 imp.
572 839 667 867 Tullii
684 836 766 867 1551.
787 854 826 858 —
845 839 977 868 Melodie
992 840 1139 868 offenbar:
1160 840 1435 868 Laetabundus.

580 952 639 984 128.
671 951 715 983 De
736 952 847 984 saneto
867 952 1066 994 Apollinare,

620 1034 650 1067 1.
677 1033 774 1074 Ecce,
802 1033 917 1066 beatus

677 1082 822 1114 alumnos
849 1082 1035 1115 harmonica

680 1139 738 1162 nos
765 1130 853 1171 cogit
876 1140 951 1163 suos
978 1131 1076 1163 hodie

677 1178 783 1211 laudis
811 1187 881 1210 cum
910 1180 1026 1212 decore

156 1247 217 1279 2a.
245 1246 448 1285 Apollinaris
857 1247 915 1280 210.
946 1247 1018 1287 Qui,
1047 1256 1117 1279 eum
1142 1257 1161 1280 a
1186 1247 1286 1280 Petro

248 1294 392 1327 carmina
416 1294 479 1327 sibi
506 1293 661 1333 reboar03
946 1296 1063 1328 missus
1090 1294 1205 1328 fuisset
1230 1297 1377 1337 apostolo

156 1363 216 1395 Sa.
244 1361 444 1403 Ravennam,
473 1362 581 1402 coepit
856 1363 914 1399 3b.
942 1363 1021 1395 Mox
1047 1364 1173 1396 Irenaei

245 1411 438 1451 praedicare
952 1412 1150 1445 restauravit

245 1458 464 1499 baptismum
487 1460 619 1500 populo.
944 1461 1088 1500 gemina
1113 1461 1208 1493 nati
1233 1462 1366 1494 lumina.

156 1530 219 1561 la.
245 1527 383 1560 Tribuni
408 1536 535 1569 quoque
854 1529 916 1565 4b.
944 1528 1201 1570 Praecipiente
1225 1529 1297 1569 ipso

244 1576 365 1616 adepta
391 1579 440 1607 est
464 1577 594 1616 priscae
944 1579 1055 1609 vanuit
1082 1577 1234 1610 deserens

246 1625 385 1657 coniunx
410 1625 524 1657 salutis
550 1626 700 1665 gratiam.
943 1626 1084 1666 puellam
1111 1635 1249 1667 nequam
1275 1627 1420 1667 spiritus.

157 1696 175 1727 5
191 1703 219 1728 a.
249 1693 291 1726 Os
317 1692 436 1726 nobilis
461 1694 524 1725 viri
549 1697 672 1726 mutum
855 1694 914 1728 5b.
943 1694 1210 1727 Uhristicolarum
1238 1694 1377 1736 denique

247 1742 369 1774 vinculi
942 1743 990 1774 sie
1014 1742 1111 1775 turba

244 1791 385 1823 solvit
409 1790 556 1823 nexibus.
942 1791 1183 1831 augebatur
1208 1791 1359 1831 plurima.

155 1862 214 1893 6a.
244 1859 380 1893 Patrieii
404 1862 514 1891 natam
857 1860 916 1893 6b.
945 1859 1108 1901 Leprosus
1136 1859 1268 1900 quidam

241 1907 315 1942 Rufi
343 1917 546 1941 commovens
943 1908 983 1940 ab
1011 1909 1125 1941 eodem

243 1957 399 1990 threnara
424 1957 466 1989 ad
494 1958 581 1989 vitae
945 1956 1145 1997 praeteritae
1170 1957 1252 1990 cutis

242 2006 369 2039 revexit
393 2006 525 2040 lumina.
944 2007 1082 2046 sumpsit
1107 2007 1257 2047 gratiam.

155 2077 214 2109 7a.
242 2075 343 2115 Quem
370 2083 505 2107 cernens
531 2084 731 2117 paganorum
855 2075 916 2110 7h.
942 2074 1091 2107 Diversis
1115 2084 1244 2108 caesum
1268 2073 1379 2117 flagris

239 2132 359 2165 augere
384 2126 477 2156 tanta
942 2124 1083 2157 tradidit
1107 2124 1179 2156 neci

241 2182 361 2206 cuneus
942 2181 1076 2207 semum¹

155 2243 213 2276 8a.
243 2241 453 2282 Quaesumus,
480 2242 555 2281 tuiS,
583 2245 706 2283 pastor,
857 2241 918 2275 8b.
947 2240 1016 2280 Quo
1043 2242 1125 2276 duce
1151 2244 1183 2274 te
1208 2251 1390 2275 mereamur

239 2289 488 2331 suffragiis
517 2291 620 2323 nostri
645 2291 720 2323 laxa
762 2324 765 2327 ,
943 2290 1011 2323 alta
1036 2290 1185 2331 polorum

240 2348 358 2372 noxam
386 2339 540 2382 oriminis,
943 2340 1101 2372 scandere
1126 2339 1259 2382 templa.

594 2409 625 2441 9.
653 2407 704 2440 Tu
732 2409 848 2440 cuncta
873 2409 1007 2448 praesta

651 2456 744 2490 nobis
770 2456 899 2498 gaudia.
