1656 2690
548 219 581 251 9.
608 218 674 251 Sed
699 219 786 252 hunc
809 221 924 251 nostra
947 219 1060 253 laudet
1080 220 1155 261 lyra

655 266 735 300 Cum
761 268 924 300 caelorum
952 268 1087 301 civibus.

260 335 345 362 Miss.
375 342 427 361 ms.
449 333 632 370 Hispalense
659 343 736 362 saec.
763 331 837 363 ¹⁴!15.
880 334 950 363 Cod.
976 335 1067 363 Univ.
1093 336 1216 363 Ianuen.
1238 334 1266 361 A
1293 335 1353 362 VII
1378 332 1405 362 3.
1428 334 1462 362 A.
1485 349 1521 353 —

181 374 266 401 Miss.
288 381 343 401 ms.
363 371 545 408 Hispalense
565 382 642 401 saec.
666 371 710 401 15.
741 373 811 402 God.
833 372 1002 402 Columbin.
1017 374 1175 410 Hispalen.
1196 371 1242 404 85,
1261 371 1304 401 18.
1319 374 1354 401 Β.
1375 389 1413 393 -
1434 373 1520 401 Miss.

181 421 237 440 ms.
258 412 442 448 Hispalense
462 420 540 440 saec.
564 410 608 440 15.
645 412 716 440 Cod.
739 412 908 441 Columbin.
928 413 1086 450 Hispalen.
1108 412 1228 446 Vitrin„
1255 410 1299 440 12.
1322 412 1354 440 G.
1380 427 1413 432 -—-
1435 412 1521 440 Miss.

183 451 367 487 Hispalense
386 452 457 487 imp.
478 450 602 488 Hispali
626 449 708 479 1507.
730 451 767 479 D.
794 467 831 471 -
859 450 909 486 Za,
932 450 950 479 2
975 452 1027 480 sed
1048 451 1212 480 constantis
1231 451 1347 479 ABCD.
1369 466 1406 470 —
1427 449 1481 486 2b‚
1505 449 1519 479 1

183 491 280 527 spirat
304 488 418 517 ABCD.
446 504 484 509 ——
512 487 564 523 21),
586 488 604 517 2
629 492 758 527 respirat
784 490 903 526 ABCD3
928 500 983 519 vor
1011 499 1079 527 „eos
1105 488 1166 519 ita“
1195 491 1296 518 istim
1318 490 1410 518 Sinne
1432 487 1520 527 „cur“

182 529 293 557 wieder
320 537 358 556 zu
378 529 535 565 ergenzen.
556 543 594 547 —
617 526 666 562 3af
693 527 708 557 1
731 530 785 566 pia
803 528 918 558 ABCD.
942 546 977 550 —
1000 528 1051 563 32,
1070 527 1088 557 3
1110 527 1187 556 effici
1207 528 1242 556 A.
1264 543 1301 548 -—
1323 529 1381 557 Str.
1400 527 1444 557 4a
1457 537 1522 566 sqq.

181 567 281 596 fehlen
303 566 334 595 O.
362 582 399 586 —-
428 567 485 595 Str.
502 566 548 595 412
570 576 634 605 sqq.
655 568 756 596 fehlen
775 568 838 596 BD.
860 584 898 588 —
927 567 980 603 6b,
1002 567 1020 596 2
1040 568 1083 595 Zu
1103 568 1175 595 litor
1197 568 1241 595 als
1261 567 1442 596 Nebenform
1462 577 1524 596 von

179 606 254 634 litus
275 605 407 642 (Diener‚
428 605 564 642 Henker)
585 607 635 635 cfr.
656 607 706 635 Du
729 606 829 644 Gange
850 604 1003 643 „litores“;
1028 606 1099 635 oder
1117 605 1138 633 l.
1159 606 1268 634 lictor?

614 719 677 753 100.
707 720 752 751 De
773 719 922 752 Omnibus
944 719 1079 752 Sanctis.

191 791 250 824 la.
278 790 418 830 Superni
444 791 529 832 regis
557 791 656 831 curia,

279 838 376 871 Cuius
402 840 527 871 instant
551 839 731 879 sollemnia,

278 887 387 930 Vocis,
416 887 524 920 cordis
552 888 726 920 concordia

277 936 325 968 Te
350 936 475 968 recolat
499 936 646 969 ecclesia.

191 1015 252 1046 2a.
280 1014 478 1054 Angelorum
504 1014 679 1054 praeconia

280 1062 356 1094 Pari
382 1065 498 1094 sonent
522 1062 659 1102 laetitia,

279 1110 326 1143 Ut
351 1112 424 1151 post
451 1110 557 1143 carnis
584 1111 699 1143 exsilia

278 1158 393 1191 Secum
420 1157 566 1191 fruamur
588 1159 707 1201 patria.

189 1238 250 1271 3a.
276 1236 510 1277 Apostolorum
534 1237 639 1278 gloria

278 1284 358 1317 Cum
383 1287 564 1325 martyrum
589 1285 729 1318 victoria

278 1333 434 1366 colantur
458 1335 492 1365 et
517 1333 634 1365 eximia

279 1381 510 1415 Confessorum
536 1382 681 1422 collegia.

887 1015 948 1048 2b.

888 1236 949 1271 3b.

888 791 947 825 lb.
974 791 1128 832 Inprimis
1154 791 1251 823 matri
1276 790 1404 834 virgini,

976 840 1094 873 Odoris
1121 848 1216 871 rosae
1241 839 1370 879 gemini,

975 888 1044 928 Qua
1071 889 1167 921 datur
1193 888 1281 920 salus
1301 887 1433 931 homini,

975 936 1025 969 Sit
1049 938 1120 970 laus
1146 936 1189 969 ad
1213 936 1344 968 laudem
1365 935 1506 968 Domini.

975 1013 1240 1047 Patriaroharum
1267 1013 1375 1046 ordini

974 1062 1048 1095 Non
1075 1065 1203 1094 cessent
1226 1062 1338 1102 hymni
1366 1062 1501 1107 concini,

973 1110 1021 1144 Ut
1045 1120 1103 1143 nos
1130 1110 1297 1142 ascribant
1322 1111 1454 1155 nomini⁷

975 1159 1044 1199 Quo
1069 1160 1158 1191 reete
1181 1159 1376 1198 gloriamini.

976 1236 1027 1270 Sit
1051 1236 1215 1278 virginum
1238 1237 1309 1268 laus
1335 1237 1450 1269 lumini

975 1285 1134 1326 Omnique
1159 1284 1241 1317 caeli
1268 1285 1419 1329 culmini3

976 1333 1040 1366 Suo
1066 1342 1124 1366 nos
1149 1333 1286 1374 iungant
1310 1334 1429 1373 agmini

974 1382 1055 1414 Post
1079 1382 1173 1414 huius
1201 1390 1328 1414 cursum
1355 1382 1496 1416 termini.

254 1460 339 1487 Miss.
362 1467 415 1486 ms.
436 1458 619 1495 Hispalense
639 1467 716 1487 saec.
741 1456 815 1487 ²4l15.
842 1459 912 1487 Cod.
926 1458 1018 1487 Univ.
1037 1459 1160 1487 tanuen.
1174 1458 1202 1485 A
1215 1456 1302 1486 V1153
1317 1458 1351 1486 A.
1373 1473 1412 1477 —
1432 1459 1515 1486 Miss.

177 1507 231 1526 ms.
252 1497 436 1534 Hispalense
456 1505 533 1525 saec.
551 1494 595 1525 15.
637 1497 707 1526 Cocl.
730 1497 898 1526 Columbin.
921 1498 1080 1534 Hispalen.
1102 1494 1149 1530 85,
1173 1494 1209 1525 18
1231 1497 1265 1525 Β.
1293 1513 1330 1517 —
1355 1498 1440 1525 Miss.
1463 1506 1516 1525 ms.

178 1537 360 1574 Hispalense
379 1545 457 1564 saec.
481 1534 525 1564 15.
566 1536 629 1565 God
651 1536 818 1564 Columbin.
840 1537 997 1573 Hispalen.
1018 1537 1127 1565 Vi'trin.
1151 1533 1196 1564 12.
1218 1536 1250 1564 C.
1277 1552 1316 1556 -—
1338 1537 1424 1565 Miss.
1445 1537 1516 1565 His-

176 1576 299 1612 palense
323 1577 396 1613 imp.
423 1576 547 1611 Hispali
574 1573 657 1603 1507.
679 1576 717 1604 D.
743 1591 780 1595 -
809 1573 859 1611 lb,
883 1574 898 1604 1
920 1577 1024 1604 matris
1045 1576 1104 1604 AG.
1131 1590 1169 1594 —
1202 1573 1252 1608 lb,
1274 1573 1292 1602 2
1313 1577 1375 1604 rosi
1397 1575 1457 1604 AG.
1479 1590 1517 1595 —

176 1613 232 1649 21³,
246 1613 263 1642 2
283 1615 402 1651 hymnis
418 1613 478 1642 AG.
498 1630 535 1634 -
556 1612 610 1648 2b,
623 1612 644 1642 4
662 1615 739 1642 recti
756 1615 820 1643 BD.
841 1630 879 1635 —
900 1613 952 1649 3221q
966 1612 984 1643 3
1009 1615 1132 1643 Colatur
1153 1613 1212 1642 AO.
1240 1630 1280 1634 —
1307 1614 1366 1643 Str.
1380 1612 1422 1644 312
1442 1615 1519 1643 fehlt

177 1654 241 1682 BD.
262 1669 301 1674 —
321 1651 375 1690 3b,
398 1651 416 1681 2
437 1654 638 1690 Omniumque
658 1652 717 1682 AG.

617 1757 676 1789 101.
708 1758 753 1789 De
773 1757 921 1790 Omnibus
942 1758 1078 1790 Sanctis.

614 1830 645 1863 1.
676 1829 801 1863 Cuncta
825 1830 860 1862 in
883 1830 985 1863 iubilo

674 1881 850 1919 personent
872 1880 1055 1920 redempta.

187 1956 245 1989 la.
275 1956 394 1989 Omnes
420 1956 515 1988 simul
541 1956 756 1989 iucundemur

272 2005 317 2038 Et
343 2008 531 2037 cunctorum
561 2014 753 2038 veneremur

322 2053 515 2087 Sanctorum
540 2054 720 2090 sollemnia.

183 2135 203 2166 2
217 2142 246 2165 a.
274 2132 371 2168 Hunc
394 2132 555 2173 imprimis
581 2133 814 2173 collaudemus,

272 2181 327 2214 Illi
352 2181 450 2222 primi
475 2181 605 2216 laudem
634 2182 758 2225 demus,

323 2230 383 2271 Qui
410 2230 535 2264 creavit
560 2231 676 2264 omnia.

184 2311 245 2343 3a.
273 2309 334 2342 His
359 2309 476 2342 summi
503 2309 594 2342 chori
621 2310 755 2342 caelitus

318 2358 525 2391 Adnectatur
550 2359 667 2399 contio,

272 2406 333 2446 Qui
358 2409 476 2441 natura
502 2409 552 2439 est
576 2407 722 2452 spiritus,

317 2456 464 2496 Angelus
489 2454 607 2489 officio.

885 1956 944 1991 1b.
971 1957 1016 1990 Hi
1041 1960 1117 1990 sunt
1133 1957 1244 1990 mundi
1267 1960 1516 2000 contemptores,

974 2007 1174 2047 Angelorum
1195 2009 1386 2049 sectatores,

1021 2055 1069 2089 Ut
1092 2056 1188 2088 docet
1214 2055 1360 2087 ecclesia.

886 2134 944 2168 2b.
971 2134 1162 2167 Exaltemus
1190 2136 1424 2174 consequenter

973 2184 1069 2217 Illam
1087 2184 1235 2226 matrem,
1264 2192 1347 2224 quae
1362 2183 1517 2216 decenter

1021 2232 1084 2265 Est
1110 2231 1238 2272 repleta
1261 2232 1376 2272 gratia.

890 2311 949 2345 3b.
975 2309 1177 2345 Patriarchis
1204 2311 1236 2342 et
1260 2310 1430 2350 prophetis

1022 2359 1238 2400 Adplaudant
1262 2359 1448 2399 praeconia,

973 2408 1096 2450 Quibus
1121 2405 1188 2440 fide
1214 2410 1246 2439 el:
1270 2416 1330 2448 spe
1351 2408 1472 2448 spretis

1022 2457 1154 2490 Summa
1181 2456 1277 2489 datur
1302 2456 1417 2501 gloria.
