1656 2690
766 98 835 135 192
887 120 931 125 -

839 197 898 231 5b.
926 198 1017 237 Quod
1045 207 1083 230 ea
1107 197 1206 237 plane
1231 195 1303 227 alvo

146 201 208 233 5a.
237 201 344 244 „Ecce
368 208 442 231 nam
465 201 569 230 mater
593 195 683 239 tua“,

928 246 1068 287 gestavit
1092 245 1272 277 salvantem
1298 239 1438 282 saecula,

235 248 325 280 clara
349 250 382 278 et
405 246 670 286 incontaminata,

233 315 299 348 Per
324 322 419 355 quam
442 313 588 346 salvatur

235 362 338 394 omnis
365 365 524 402 creatura,

993 384 1239 396 .....

149 431 207 462 6a.
842 427 906 461 6b.
933 428 1083 460 Imitatur
1107 428 1200 459 miles
1227 423 1397 470 (ex)celsa.

202 523 210 530 .
238 496 298 535 Qui
324 492 530 540 [in]ebriatus
555 504 614 528 sua

233 544 368 584 lympha
392 544 510 576 meruit

236 591 300 625 fari
326 601 385 625 sua
409 593 536 632 lingua:

235 428 376 461 Verbum
404 428 519 469 patris,
548 428 636 460 cuius
662 428 750 460 iussa

844 493 904 527 7b.
931 494 1023 533 Quod
1047 495 1081 526 in
1106 494 1268 534 principio
1295 495 1366 524 erat

930 541 1075 581 verbum,
1102 546 1135 574 et
1159 541 1293 574 verbum

932 592 1002 623 erat
1027 589 1115 632 apud
1140 589 1257 631 Deum,

930 657 1066 690 Athleta
1090 660 1223 690 cantans
1248 655 1324 689 aula

930 715 1056 746 magna,
1082 706 1213 746 postula

931 754 1014 786 caeli
1037 753 1131 787 nobis
1156 753 1313 794 praemia.

147 660 168 693 8
181 670 211 694 a.
236 659 283 693 Et
307 660 395 692 Deus
420 659 555 692 verbum
581 662 652 692 erat
843 657 903 691 8b.

235 711 310 740 ante
335 712 483 748 tempora

235 756 395 788 aeternali
420 757 532 797 gloria.

215 821 300 849 Miss.
321 831 375 849 ms.
395 822 637 850 Praedicatorum
657 821 903 858 Lugdunensium
925 829 1002 849 saec.
1027 820 1070 848 14.
1094 819 1163 848 Cod.
1180 819 1276 856 Capit.
1290 820 1468 856 Lug-dunen.

139 860 165 887 A
181 858 209 887 6.
220 861 253 888 Α.
268 876 305 880 --
318 861 403 889 Miss.
418 861 618 896 Lugdunense
632 861 703 896 imp.
718 858 857 896 Lugduni
875 857 957 887 1500.
979 859 1011 886 Β.
1033 876 1068 879 -
1085 859 1168 887 Miss.
1183 859 1383 895 Lugdunense
1396 858 1468 893 imp.

140 899 280 935 Lugduni
297 897 379 926 1510.
402 898 432 926 C.
453 913 491 918 —
514 897 567 932 2b,
582 896 600 925 2
621 898 740 926 excelsa
760 899 792 926 G.
814 913 848 917 ——
871 895 924 931 312,
938 897 958 925 4
979 897 1037 931 Qui
1050 898 1136 926 ABC.
1159 911 1194 917 —
1215 896 1268 931 4a,
1281 896 1299 925 2
1318 898 1471 932 interroga

138 937 224 965 ABG.
291 935 341 971 6a,
356 936 366 964 ]
387 937 410 965 O
426 938 548 965 verbum
563 938 622 965 AB.
644 951 681 956 -
702 934 756 971 8b‚
769 934 787 964 3
802 937 908 965 cedens
924 936 1009 965 ABG.
1031 951 1068 955 —
1090 936 1226 973 Mangels
1244 938 1325 964 einer
1339 934 1470 963 Melodie

139 975 235 1004 bleibt
247 975 297 1003 die
313 975 615 1012 Strophenabteilung
635 975 876 1012 problematisch.

419 1087 481 1119 219.
513 1087 558 1120 De
578 1096 601 1119 s.
622 1088 762 1120 Iohanne
784 1089 856 1119 ante
879 1087 1007 1119 Portam
1031 1086 1186 1118 Latinam.

149 1170 166 1202 1
181 1180 211 1204 a.
237 1170 437 1201 Veneremur
462 1169 580 1201 mundo
608 1169 729 1211 datum,

238 1217 301 1249 Ore
327 1217 389 1250 Dei
414 1216 585 1257 figuratum

284 1265 458 1298 Iohannem
483 1273 543 1305 per
568 1266 718 1305 aquilam.

152 1335 212 1367 2a.
239 1332 324 1365 Dum
349 1332 510 1371 inspectat
537 1334 639 1364 rotam
665 1332 754 1372 solis,

239 1380 327 1419 Quae
355 1380 491 1411 debetur
513 1380 617 1411 tribus
644 1379 733 1423 solis,

288 1428 410 1470 Virtus,
436 1428 549 1468 honor,
575 1428 689 1469 gloria,

152 1497 214 1529 3a.
243 1495 320 1527 Cum
349 1494 510 1528 recumbit
534 1503 634 1534 supra
650 1497 774 1535 pectus,

243 1542 332 1575 Caeli
359 1552 477 1575 manna
504 1546 554 1574 est
575 1542 715 1576 refectus

289 1591 410 1624 Christi
435 1591 547 1623 matris
574 1590 711 1624 baiulus,

153 1662 213 1694 4a.
242 1658 359 1692 Senum
386 1659 505 1691 trinum
531 1660 720 1698 modulavit,

241 1708 304 1741 Per
328 1715 421 1748 quem
447 1707 515 1740 alta
538 1708 756 1748 complanavit

287 1755 333 1788 Et
358 1755 476 1788 direxit
503 1755 606 1789 devia.

155 1825 217 1856 52.
245 1822 329 1855 Nam
354 1823 387 1855 in
412 1832 519 1863 penna
545 1824 719 1856 cherubina

243 1870 288 1904 Et
312 1871 345 1903 in
370 1871 480 1912 lingua
504 1871 677 1911 seraphina

290 1920 407 1960 Legem
434 1919 652 1960 evangelicam

157 1988 176 2019 6
187 1996 216 2020 a.
242 1987 307 2020 Hic
325 1989 374 2018 est
390 1985 518 2026 flumen,
538 1987 624 2027 quod
639 1989 782 2020 manavit

243 2034 412 2075 Paradiso‚
438 2035 588 2075 irrigavit

291 2082 414 2115 Terrae
440 2092 555 2124 sparsa
580 2084 715 2116 semina.

158 2150 176 2182 7
188 2158 217 2184 a.
244 2148 386 2190 Fragrat
402 2158 500 2182 carne
511 2150 585 2189 plus
598 2159 693 2190 quam
708 2160 782 2182 rosa

242 2196 287 2230 Et
311 2206 406 2237 quam
432 2206 543 2229 murra
566 2197 713 2242 odorosa,

292 2245 465 2285 Speculum
491 2245 683 2287 munditiae;

160 2314 219 2348 82.
247 2313 324 2347 Plus
351 2322 445 2354 quam
470 2314 519 2345 sol
545 2317 577 2345 et
592 2313 668 2346 luna
686 2314 780 2353 plena

247 2361 292 2395 Et
314 2371 407 2403 quam
434 2361 530 2394 stella
553 2363 712 2394 matutina

292 2411 387 2444 Mens
413 2410 480 2443 eius
507 2410 647 2444 emicuit.

842 1169 899 1201 11).
928 1168 1022 1200 Celsa
1046 1168 1173 1199 scandit
1199 1175 1258 1207 per
1280 1167 1433 1211 volatum,

929 1216 1016 1249 Mira
1042 1216 1162 1255 promit
1188 1223 1246 1256 per
1268 1215 1399 1248 boatum

976 1263 1098 1304 Tabae,
1125 1272 1236 1296 vocem
1262 1263 1407 1299 iubilam.

844 1332 905 1365 21).
933 1332 1097 1364 Monstrat
1122 1332 1241 1364 mundo
1267 1331 1358 1363 miris
1383 1332 1471 1363 sonis

930 1380 1036 1413 Unum
1064 1388 1134 1412 esse
1159 1381 1193 1412 in
1219 1380 1366 1419 personis

979 1428 1087 1468 Atque
1112 1428 1175 1460 tria
1201 1427 1346 1468 propria.

844 1496 903 1529 3b.
929 1495 995 1527 Hic
1020 1505 1041 1527 a
1063 1495 1134 1528 Deo
1160 1498 1211 1527 est
1233 1496 1356 1527 electus

934 1544 1031 1583 Virgo
1056 1547 1153 1583 atque
1177 1544 1396 1584 praedilectus

980 1591 1041 1625 Dei
1067 1593 1170 1634 patris
1194 1591 1324 1625 iubilus.

845 1660 905 1693 4b.
934 1659 1042 1692 Canon
1070 1662 1167 1700 atque
1193 1660 1365 1701 prophetia

933 1710 1043 1750 Atque
1068 1708 1150 1740 caeli
1175 1711 1266 1741 recta
1290 1708 1344 1740 via

982 1755 1039 1789 Fit
1062 1765 1123 1797 per
1148 1765 1219 1789 eum
1245 1757 1368 1799 pervia.

850 1825 906 1857 51³.
937 1823 1068 1857 Profert
1092 1824 1190 1856 tubae
1214 1834 1293 1856 voce
1316 1825 1412 1865 trina,

934 1873 997 1905 Per
1022 1881 1116 1913 quam
1143 1872 1239 1912 pellit
1264 1874 1313 1905 vis
1341 1873 1452 1906 divina

986 1920 1113 1953 Pestem
1139 1921 1344 1953 diabolicam.

847 1989 907 2022 6b.
936 1988 1068 2021 Omnem
1094 1988 1205 2020 orbem
1231 1987 1430 2031 fecundavit,

935 2037 1070 2077 Aurum,
1097 2045 1239 2076 gemmas
1265 2039 1434 2078 generavit

982 2083 1027 2117 Et
1054 2089 1170 2117 cuncta
1195 2086 1367 2127 genimina.

852 2153 909 2186 7b.
938 2151 1021 2184 Vitis
1047 2151 1166 2185 florens
1193 2156 1226 2185 et
1251 2152 1408 2186 frondosa

937 2200 981 2233 Et
1005 2201 1091 2233 oliva
1117 2203 1274 2244 speciosa,

988 2247 1111 2281 Cedrus
1134 2249 1322 2289 pudicitiae.

852 2315 910 2348 8b.
937 2315 1010 2347 Non
1036 2315 1212 2348 laedebant,
1235 2316 1321 2349 hunc
1341 2326 1474 2360 venena,

940 2363 1011 2395 Nec
1037 2365 1153 2397 urebat
1181 2365 1248 2398 lina
1273 2366 1373 2406 plena

989 2411 1070 2453 Olei,
1099 2412 1173 2445 dum
1200 2411 1331 2448 ferbuit.
