1656 2690
700 122 969 158 —162—

166 219 185 252 3
199 227 227 251 a.
254 217 414 251 Eruditur
439 218 545 250 literis
857 219 917 253 3b.
944 220 1002 253 Fit
1026 219 1121 253 faber
1146 219 1292 258 eximius,

250 266 447 306 Adplicatur
468 266 595 299 iuvenis
943 268 1032 301 Mira
1057 269 1188 308 cudenS,
1217 267 1352 299 caelitus

298 313 412 346 Studio
439 312 624 355 fabrilium3
992 317 1120 350 Massas
1146 324 1266 356 augens
1293 323 1437 355 operum.

161 383 223 415 42.
249 381 403 414 Medetur
426 380 617 420 pecudibus
855 381 916 415 4b.
942 382 998 414 Fit
1023 384 1155 424 praesul
1181 383 1343 423 Noviomi‚

250 429 404 461 Medetur
428 428 613 461 hominibus
947 431 986 463 In
1012 432 1074 463 hoc
1097 435 1186 465 statu
1211 431 1342 463 sublimi

299 476 393 509 Salus
418 477 473 509 hic
497 478 727 517 languentium.
994 478 1203 511 Humillimus
1230 480 1382 511 omnium.

163 546 223 579 5a.
249 544 386 577 Demum
412 547 456 586 te,
483 543 577 577 faber
602 546 724 586 sancte,
857 545 918 578 5b.
948 546 1142 588 Clementer,
1171 546 1311 578 clemens
1336 547 1419 587 ipse,

250 593 298 625 Te
322 593 455 634 praesul
480 592 629 636 gloriose,
948 593 1016 627 Nos
1042 602 1129 634 rege,
1155 602 1215 626 nos
1242 594 1347 634 dirige

301 642 514 674 Obsecramus
539 641 724 681 plurimum,
995 643 1060 674 Per
1085 642 1147 674 hoc
1169 643 1234 674 iter
1261 642 1399 674 devium.

231 707 300 736 Cod.
322 708 448 736 Bernen.
469 708 495 736 A
521 705 560 735 94
583 704 648 744 [ΝΥ.
679 704 727 744 19]
748 715 824 735 saec.
847 705 892 735 15.
918 723 956 726 —
983 708 1162 736 Aufschrift:
1196 708 1310 744 „Prosa
1330 709 1366 736 de
1386 711 1489 737 sancto

151 747 382 815 {Eiltgggigisdyam
401 748 570 783 composuit
587 747 724 774 Domnus
745 746 961 783 Stephanus
983 747 1098 775 abbas
1118 747 1490 775 Pontis-Thieffridi

580 879 642 911 182.
677 878 722 910 De
746 880 860 910 sancta
881 878 1060 911 Elisabeth.

163 953 182 987 1
197 961 225 984 a.
252 951 452 984 Iucundetur
476 950 569 992 plebs
594 950 711 993 fidelis,
863 950 920 985 lb.
948 951 1068 984 Sancta
1093 951 1189 983 radix
1216 954 1249 982 et
1272 952 1402 993 regalis,

249 999 421 1033 Elisabeth
447 1000 533 1040 quod
557 999 592 1031 in
619 999 717 1031 caelis
946 999 1057 1031 Sancti
1083 1000 1169 1041 regis
1195 1000 1348 1039 specialis

299 1048 466 1081 Scandens
490 1048 611 1089 gaudet
634 1047 751 1087 hodie3
991 1047 1071 1080 Flos
1098 1052 1129 1079 et
1155 1057 1286 1089 germen
1311 1048 1429 1081 nobile.

166 1119 227 1150 22..
255 1115 385 1148 Sociata
409 1116 465 1147 uni
491 1116 561 1150 viro
862 1114 922 1149 2b.
951 1116 1007 1148 Sui
1033 1115 1096 1147 viri
1121 1119 1196 1156 post
1223 1115 1390 1148 decessum

250 1164 363 1197 Firma
387 1162 454 1195 fide
481 1164 522 1196 de
546 1166 684 1203 tyranno
947 1164 1055 1196 Mutat
1080 1173 1186 1196 mores
1213 1166 1247 1195 et
1268 1173 1458 1204 processum

302 1212 423 1245 Christi
449 1210 529 1244 fecit
551 1212 698 1243 militem.
991 1212 1036 1244 Et
1063 1220 1229 1244 excessum
1256 1212 1401 1254 corrigit.

164 1283 183 1315 3
198 1290 226 1314 a.
255 1279 419 1320 Quidquid
442 1279 552 1319 habet,
589 1279 646 1311 dat
671 1278 789 1321 egenis,
859 1279 918 1312 3b.
947 1279 1064 1312 Curam
1089 1289 1205 1320 gerens
1231 1284 1448 1321 aegrotorum,

252 1328 361 1369 Egens
386 1328 489 1368 magis
515 1336 576 1368 pro
602 1327 710 1368 egenis
943 1327 995 1359 De
1020 1337 1078 1368 spe
1104 1332 1195 1361 certa
1219 1327 1402 1361 futurorum

299 1377 429 1408 Victum
455 1375 582 1416 quaerit,
605 1374 764 1407 manibus.
993 1376 1101 1409 Servit
1127 1377 1233 1417 aegris
1255 1378 1380 1410 sedula.

165 1448 229 1478 43..
257 1443 498 1477 Immundorum
521 1452 617 1475 manu
643 1442 764 1475 munda
857 1443 917 1478 4b.
943 1443 1114 1475 Elisabeth
1141 1453 1180 1476 ex
1205 1443 1267 1476 hoc
1292 1448 1387 1486 grata

252 1491 373 1524 Sordes
398 1491 507 1532 tergit,
534 1491 624 1523 lavat
648 1490 737 1523 unda
945 1491 1030 1534 Tibi,
1057 1491 1145 1531 Iesu,
1172 1500 1232 1533 per
1255 1495 1289 1524 te
1313 1493 1416 1525 multa

300 1539 414 1572 Multis
440 1539 672 1574 immunditias.
994 1540 1090 1573 Fecit
1115 1540 1196 1572 haec
1220 1540 1390 1574 miracula.

165 1612 227 1642 5a.
256 1608 362 1647 Caeci,
388 1607 507 1649 claudi,
534 1607 636 1648 surdi,
662 1608 753 1648 muti,
861 1607 919 1640 5b.
946 1607 1055 1639 Patris
1081 1616 1218 1647 poenam
1243 1608 1415 1649 mitigavit,

254 1655 338 1688 Sunt
363 1654 508 1688 defuncti
533 1656 677 1688 restituti
946 1655 1062 1688 Fontis
1087 1665 1203 1696 aquam
1229 1656 1414 1689 immutavit

302 1703 442 1737 Sanitati
466 1704 634 1745 pristinae.
995 1705 1034 1737 In
1060 1704 1205 1744 piscibus
1230 1705 1395 1746 precibus.

167 1775 228 1807 Sa.
253 1772 328 1814 Eia,
355 1770 486 1812 fratres,
515 1780 683 1804 exoremus
860 1772 919 1805 6b.
946 1772 994 1805 Ut
1017 1780 1075 1804 nos
1101 1772 1207 1804 solvat
1230 1782 1251 1804 a
1276 1773 1432 1814 peccatis,

253 1820 349 1853 Hanc
374 1823 407 1851 et
431 1820 499 1852 eius
524 1820 734 1859 imploremus
947 1820 1079 1853 Sursum
1109 1820 1207 1853 duc-at
1233 1829 1303 1853 cum
1329 1822 1431 1854 beatis

301 1868 399 1901 Proni
423 1868 616 1909 patrocinia,
993 1869 1047 1901 Ad
1074 1872 1207 1902 aeterna
1232 1871 1361 1910 gaudia.

234 1945 323 1973 Grad.
363 1953 417 1971 ms.
450 1944 652 1981 Zagrabiense
690 1953 767 1973 saec.
801 1944 848 1974 15.
890 1944 960 1973 Cod.
995 1944 1164 1974 Gathedral.
1194 1945 1371 1981 Zagrabien.
1404 1955 1429 1974 s.
1462 1956 1492 1973 n.

155 1985 193 2013 A.
214 1999 253 2003 —
271 1984 356 2011 Miss.
376 1991 430 2010 ms.
452 1983 654 2020 Zagrabiense
674 1991 751 2012 saec.
775 1983 820 2012 15.
860 1984 931 2012 Cod.
953 1983 1121 2013 Oathedral.
1143 1984 1165 2011 Z
1187 1984 1321 2013 tri-abien.
1342 1985 1444 2015 XLIV
1463 1983 1490 2012 2.

155 2019 222 2052 323.
242 2020 277 2050 Β.
298 2037 336 2041 -
358 2019 408 2055 la,
426 2020 444 2048 2
466 2030 541 2058 quae
561 2023 594 2049 in
613 2022 648 2049 A.
669 2036 709 2042 —-
729 2020 779 2057 2a,
797 2022 811 2050 1
836 2025 902 2051 viro
923 2032 982 2051 uno
1004 2023 1038 2050 Β.
1058 2037 1097 2041 —
1117 2021 1170 2058 2a,
1217 2023 1292 2051 Fide
1305 2024 1392 2053 firma
1405 2024 1439 2052 B.
1453 2039 1493 2044 —

156 2060 209 2095 2a,
223 2058 242 2089 3
261 2062 367 2089 Mitem
385 2060 456 2088 fecit
467 2062 501 2089 Β.
522 2075 561 2080 —
581 2058 633 2094 312,
655 2060 670 2088 1
692 2069 852 2096 egenorum
873 2062 907 2089 A.
930 2078 958 2082 -
986 2060 1041 2094 412,
1058 2059 1076 2089 3
1098 2062 1184 2090 Haec
1202 2062 1275 2090 fecit
1287 2063 1322 2091 A.
1344 2078 1381 2083 —-
1403 2063 1458 2096 512,
1474 2062 1489 2091 1

154 2101 263 2129 Matris
284 2101 317 2128 B.
339 2113 378 2118 -
398 2098 453 2134 512,
472 2097 491 2127 3
511 2100 646 2136 piscibus
664 2099 742 2128 fehlt,
761 2101 795 2128 A.
815 2116 855 2121 —
875 2099 929 2135 Ga,
951 2099 971 2128 2
989 2104 1024 2129 ut
1043 2102 1108 2128 eius
1128 2102 1164 2129 A.

363 2211 424 2243 183.
455 2213 500 2244 De
520 2220 561 2244 se.
582 2212 770 2254 Euphemia,
792 2213 962 2253 Dorothea,
984 2214 1111 2254 Thecla,
1131 2214 1276 2246 Erasma.

168 2296 226 2328 la.
257 2293 378 2338 Gaude,
408 2294 525 2326 chorus
549 2291 707 2334 fidelium,
867 2293 926 2327 lb.
953 2294 1164 2327 Descendens
1190 2295 1232 2327 ad
1259 2299 1440 2330 aromatum

257 2342 450 2375 Sanctorum
475 2351 535 2376 rex
562 2343 755 2375 convallium
952 2343 1106 2375 Areolam
1134 2344 1320 2377 caelestium

255 2392 365 2425 Hodie
389 2391 469 2432 legit
493 2390 598 2423 lilium
952 2391 1087 2424 Sorores
1113 2400 1223 2426 sacras
1250 2393 1367 2427 civium

302 2441 343 2474 In
366 2440 550 2481 Aquilegia.
999 2439 1084 2471 Fert
1107 2440 1151 2472 ad
1177 2441 1325 2483 collegia.
