1656 2690
694 149 740 153 -
791 129 836 162 22
888 147 931 151 ,-

164 230 223 262 9a.
250 229 354 260 Verus
379 226 478 268 Deus,
504 235 605 266 purus
630 226 738 268 homo,
853 223 914 257 9b.
942 223 1084 256 Nostrae
1110 222 1215 255 carnis
1241 224 1405 254 armatura

250 277 301 309 De
327 275 476 315 virginali
499 274 563 307 alvi
591 274 694 316 domo,
944 273 1126 315 contectus,
1137 271 1170 302 in
1182 279 1310 311 quaper
1317 269 1483 310 praedura

514 341 568 374 10.
594 340 704 373 Morte
729 341 834 372 erucis
858 339 976 380 pocula

597 388 719 421 Nostra
743 388 841 420 solvit
866 387 985 422 debita.

232 467 302 495 eod.
329 466 507 494 Zwethalen.
536 462 602 494 313.
634 464 699 493 arld.
727 473 803 493 saec.
834 462 878 491 15.
903 464 958 491 mit
981 464 1052 491 Mel.
1080 478 1118 482 —
1148 460 1198 496 3a,
1220 460 1238 490 2
1263 464 1413 491 Damnate
1446 476 1482 481 —

155 504 360 573 ἓὲἰὶὲοριιοᾶ.
383 520 418 525 -
439 505 501 533 Der
522 504 658 532 ausseren
672 505 760 532 Form
774 503 851 530 nach
866 501 1009 538 Sequenz,
1031 502 1083 530 der
1095 502 1224 530 Diktion
1239 502 1315 529 nach
1330 500 1485 529 vielleieht

590 637 625 668 ll.
655 635 691 668 In
713 635 889 667 Nativitate
913 634 1043 666 Domini.

168 721 227 754 la.
253 719 374 751 Nostro
401 718 565 751 condoluit
856 717 913 750 1b.
942 717 1007 750 Res
1031 716 1115 748 mira
1140 716 1263 756 geritur

302 767 402 799 Pater
426 767 549 806 exsilio,
991 765 1078 798 Miro
1106 764 1249 807 consilio,

254 815 351 848 Unde
375 815 545 855 consuluit,
944 813 1029 846 Dum
1053 821 1149 845 earne
1173 814 1297 853 regitur

301 863 405 896 Nobis
429 864 462 895 in
488 862 566 897 filio.
991 863 1136 895 Aeterna
1158 861 1252 896 ratio.

168 944 230 975 2a.
257 941 378 973 Nostra
403 942 476 974 dum
502 940 596 973 latuit
856 939 915 972 2b.
943 939 1028 973 Dum
1054 939 1169 971 stellae
1195 938 1311 972 claruit

302 990 340 1022 In
368 998 464 1022 carne
491 990 605 1031 deitaS,
992 987 1161 1030 Stupenda
1185 988 1322 1031 novitas,

255 1039 318 1070 Per
344 1046 471 1070 carnem
497 1037 602 1078 patuit
946 1036 1114 1069 Caelorum
1138 1036 1251 1076 genuit

301 1085 405 1118 Nobis
432 1086 603 1125 divinitas;
992 1084 1114 1125 Regem
1137 1083 1317 1124 virginitas.

167 1167 226 1198 3a.
252 1163 349 1195 Latet
373 1163 406 1196 in
428 1163 629 1204 praesaepio,
853 1162 916 1196 312.
944 1163 1004 1203 Qui
1030 1161 1150 1194 creavit
1177 1162 1285 1194 omnia

301 1211 427 1244 Rutilat
448 1212 482 1243 in
506 1212 624 1252 sidere,
993 1210 1057 1242 Suo
1083 1218 1227 1250 quaeque
1253 1209 1408 1250 pondere,

252 1261 377 1293 Parvus
402 1261 435 1293 in
458 1260 586 1301 tugurio
945 1259 1054 1292 Mater
1080 1259 1177 1298 plena
1203 1258 1309 1298 gratia

301 1308 439 1349 Magnus
466 1312 516 1340 est
538 1308 573 1340 in
597 1308 738 1343 aethere.
993 1307 1089 1340 Duloi
1113 1307 1214 1339 laetat
1238 1306 1352 1339 ubere.

161 1389 183 1421 4
199 1396 229 1420 a.
257 1386 313 1419 Sic
338 1389 464 1418 creator
489 1385 638 1427 omnium,
860 1384 907 1418 4b
911 1410 1317 1420 ........

300 1434 497 1474 Angelorum
526 1433 630 1474 gloria
1008 1462 1014 1468 .
1071 1465 1074 1468 .
1128 1462 1134 1465 .
1188 1459 1194 1465 .
1248 1462 1254 1468 .
1311 1462 1317 1468 ,

255 1481 422 1522 virginale
446 1481 602 1523 gremium
946 1482 992 1515 Ut
1016 1482 1069 1513 hic
1094 1484 1128 1513 et
1150 1489 1214 1512 non
1239 1481 1322 1514 alius

303 1530 506 1563 Praeditavit
528 1531 643 1571 gratia.
994 1530 1053 1569 Sit,
1081 1533 1114 1562 et
1138 1529 1220 1562 haec
1244 1539 1308 1562 non
1334 1530 1409 1563 alia.

169 1611 226 1642 5a.
253 1608 345 1640 Haec
370 1612 420 1640 est
442 1608 546 1639 vellus
574 1607 747 1649 Gedeonis,
858 1607 917 1641 5b.
944 1609 1036 1642 Haec
1060 1610 1107 1639 est
1133 1607 1230 1640 stella
1255 1610 1359 1639 mater
1384 1606 1473 1645 solis,

254 1656 346 1689 Haeo
371 1660 420 1689 est
444 1657 578 1688 thronus
597 1655 788 1697 Salomonis,
946 1658 1045 1697 Quem
1059 1658 1096 1687 tu
1110 1655 1226 1695 crediS,
1242 1665 1334 1696 quem
1349 1659 1384 1687 tu
1393 1655 1484 1695 colis,

301 1704 393 1737 Haeo
421 1708 469 1737 est
494 1705 571 1737 solis
597 1705 705 1747 regia3
993 1704 1119 1736 Fidelis
1146 1704 1293 1737 ecelesia.

168 1786 228 1817 ὅθ.
255 1782 362 1815 Solem
388 1782 503 1815 clausit
527 1782 561 1814 in
586 1791 622 1814 se
646 1783 743 1815 stella
858 1782 916 1817 61).
944 1783 1008 1816 Hie
1034 1785 1084 1814 est
1106 1784 1219 1815 noster
1244 1782 1404 1826 Elisaeus‚

255 1831 371 1863 Totum
399 1831 551 1863 claudens
571 1831 679 1865 clausa
695 1832 787 1875 cella,
946 1832 1050 1864 Verus
1076 1831 1183 1873 homo,
1210 1840 1306 1863 verus
1332 1831 1433 1872 Deus,

303 1879 403 1919 Quom
419 1889 483 1912 non
502 1879 656 1912 claudunt
673 1881 788 1913 omnia.
998 1880 1059 1913 Oui
1083 1880 1155 1911 laus
1181 1883 1214 1910 et
1238 1880 1352 1921 gloria.

237 1965 357 1993 Colleet.
378 1974 432 1994 ms.
454 1966 483 2005 S.
503 1966 608 1994 Albini
629 1968 659 1994 et
678 1967 708 1995 S.
732 1967 873 2003 Maglorii
894 1974 970 1994 saec.
994 1963 1115 1994 10—13.
1139 1964 1210 1993 eod.
1227 1967 1365 1994 Vatican.
1380 1967 1487 2003 Regin.

160 2003 225 2032 711.
248 2004 304 2032 add
337 2012 412 2033 3aeo.
434 2003 509 2033 12113.
529 2020 568 2024 -
589 2004 751 2034 Vielleieht
770 2006 837 2033 eine
858 2004 972 2033 Cautio.

589 2097 632 2130 12.
663 2097 698 2130 In
718 2097 901 2139 Epiphania
922 2096 1054 2129 Domini.

649 2160 681 2195 1.
710 2160 860 2193 Gaudent
886 2168 995 2191 omnes

171 2241 232 2273 2a.
261 2236 442 2270 Caelicolae
467 2236 565 2270 hodie
864 2236 924 2269 ab.
952 2237 998 2269 Et
1021 2237 1139 2270 iubilat
1163 2241 1281 2272 natura

259 2285 376 2328 gaudjo
401 2295 528 2328 magno,
953 2285 1092 2318 omnium
1118 2295 1236 2321 rerum.

173 2358 234 2390 3a.
262 2354 378 2387 Sidera
403 2353 485 2386 caeli
867 2352 927 2386 3b.
954 2353 1000 2386 Et
1024 2353 1093 2394 regi
1120 2353 1247 2387 Christo

259 2401 471 2443 flagrantibus
953 2400 1152 2434 famulantur

263 2451 403 2484 emicant
425 2450 562 2484 flammis
956 2450 1131 2491 splendida
1153 2451 1238 2487 luce.
