1656 2690
664 109 927 146 --292-μ

535 221 603 253 339.
634 222 668 253 In
688 221 792 253 natali
816 221 1042 255 confessorum.

134 293 194 326 la.
223 293 446 326 Confessorum
473 294 589 333 agonia
826 293 886 327 lb.
913 293 1012 332 Quam
1039 296 1186 328 caelestis
1211 295 1372 328 ierarchia

222 341 393 374 Modulata
415 340 607 381 symphonia
915 341 993 374 Cum
1018 343 1210 383 hymnorum
1234 342 1405 376 harmonia

269 389 458 421 Moduletur
481 389 611 427 musice,
963 390 1106 423 Decor-at
1130 391 1277 424 mirifice.

132 466 194 498 2a.
221 464 439 505 Confluentes,
466 464 590 497 viduati
824 465 886 500 2b.
913 465 1125 499 Abstinentes
1152 468 1323 509 coniugati,

217 512 409 545 Meruerunt
433 513 503 545 Deo
531 512 599 545 dati
913 513 1052 554 Semper
1075 514 1167 546 bonis
1192 516 1316 556 sociati,

265 560 422 593 Fructum
450 560 693 601 sexagesimum.
959 561 1118 593 Emerunt
1142 562 1351 597 tricesimum.

132 637 194 671 321.
220 636 333 669 Mente
357 646 450 678 pura,
477 637 650 678 probitate,
823 637 884 670 ssb.
913 637 1024 681 Fame,
1052 638 1119 676 siti,
1146 638 1305 679 nuditate,

216 684 294 716 Vita
316 685 448 728 munda,
474 686 649 717 sanctitate
910 685 1023 727 Fama,
1050 686 1161 725 verbo,
1187 686 1323 718 lenitate

268 732 380 766 Sortiti
407 735 482 766 sunt
506 732 662 768 bravium.
960 735 1182 774 perceperunt
1207 734 1371 775 gaudium.

130 809 190 842 42³..
215 809 261 842 Hi
288 809 395 850 egenis
422 810 640 851 condolentes,
823 811 883 844 4b.
909 810 1001 843 Mala
1025 811 1137 842 mundi
1165 815 1405 845 contemnentes

216 857 355 895 Victum,
383 861 492 898 potum
520 859 699 891 tribuentes
909 858 1009 891 Bonis
1035 861 1159 899 petunt,
1186 859 1234 891 sic:
1259 862 1438 896 currentes,

264 905 408 947 Surgunt
431 906 472 940 ad
501 906 663 940 caelestia.
957 905 1172 939 Aeternorum
1199 907 1328 947 gaudia.

128 984 187 1014 5a.
213 981 302 1022 Ergo
326 982 440 1014 laudes
465 982 536 1013 istis
563 981 684 1022 demus,
822 982 881 1015 5b.
908 982 955 1016 Ut
981 991 1050 1014 cum
1079 982 1125 1014 eis
1150 982 1344 1026 habitemus,

213 1028 312 1070 Voce,
338 1032 447 1061 mente
471 1030 732 1062 commendemus
907 1031 1038 1064 Summo
1065 1032 1134 1071 regi
1160 1031 1368 1064 decantemus

260 1076 382 1109 Eorum
408 1078 587 1117 sollemnia,
954 1079 1119 1119 Hymnum
1146 1079 1267 1111 dictum
1293 1078 1423 1114 Gloria.

194 1154 279 1181 Miss.
304 1163 359 1182 ms.
385 1154 568 1191 Hispalense
595 1162 671 1181 sace.
696 1151 771 1182 ¹⁴¹lu.
812 1154 883 1182 Cod.
910 1153 1001 1182 Univ.
1024 1154 1149 1183 Ianuen.
1177 1155 1201 1182 A
1225 1155 1286 1183 VH
1306 1153 1332 1183 3.
1355 1156 1390 1183 A.
1411 1170 1449 1174 —-

114 1192 198 1219 Miss.
219 1200 272 1220 ms.
294 1192 476 1228 Hispalense
496 1201 573 1220 saec.
597 1190 641 1220 15.
671 1192 740 1220 Οοᾶ.
764 1192 930 1221 Columbin.
944 1193 1091 1229 Hispalen
1122 1190 1169 1222 83.
1192 1192 1237 1220 15.
1250 1193 1285 1222 B.
1307 1207 1343 1213 —-
1363 1194 1448 1222 Miss.

114 1238 168 1257 ms.
190 1231 373 1266 Hispalense
393 1239 470 1259 saec.
494 1229 538 1258 15.
571 1229 641 1258 Cod.
664 1230 832 1259 Columbin.
854 1232 1013 1268 Hispalen.
1035 1229 1081 1266 83,
1104 1230 1149 1260 17.
1172 1232 1203 1259 C.
1224 1247 1264 1251 —
1282 1232 1366 1260 Miss.
1389 1241 1444 1260 ms.

114 1268 297 1304 Hispalense
318 1277 395 1297 saec.
418 1268 463 1297 15.
495 1269 567 1298 Cod.
589 1269 757 1298 Columbin.
777 1270 926 1306 Hispalen
957 1267 1003 1303 35,
1027 1267 1072 1298 18.
1091 1271 1129 1298 D.
1209 1271 1294 1298 Miss:
1316 1280 1361 1298 ms
1391 1271 1447 1298 Hi-

115 1307 254 1342 spalense
274 1315 348 1335 saec.
375 1306 419 1335 15.
455 1308 526 1337 Cod.
549 1308 715 1337 Columbin.
735 1308 893 1345 Hispalen.
916 1309 1032 1343 Vitrin„
1058 1307 1094 1336 12
1113 1309 1151 1337 Ε.
1172 1324 1210 1329 —
1229 1309 1314 1337 Miss.
1335 1309 1446 1345 Hispa-

114 1346 197 1373 lense
215 1347 286 1381 imp.
308 1347 430 1382 Hispali
453 1344 535 1374 1507.
551 1347 583 1374 F.
605 1361 643 1365 —
665 1346 724 1374 Str.
747 1345 762 1374 1
783 1346 859 1374 fehlt
871 1348 911 1382 A3
934 1347 1068 1376 daselbst
1081 1347 1138 1375 Str.
1154 1345 1172 1374 2
1192 1356 1257 1385 sqq.
1277 1347 1448 1376 verwentlet

113 1384 161 1411 fiir
186 1384 240 1412 (las
265 1384 337 1412 Fest
364 1385 415 1412 der
438 1385 471 1412 hl
507 1385 602 1413 Anna.
633 1399 671 1403 ——
704 1383 756 1418 la,
779 1384 797 1413 3
825 1385 936 1413 mirifie«
966 1386 1005 1413 D.
1035 1402 1073 1407 —
1104 1385 1162 1414 Str.
1192 1384 1236 1413 lb
1257 1385 1330 1414 fehlt
1349 1387 1387 1414 D.
1408 1401 1447 1405 —

115 1421 173 1450 Str.
194 1421 238 1450 4a
261 1431 325 1458 sqq.
345 1422 444 1450 fehlen
465 1424 499 1450 B.
522 1439 559 1443 ——
580 1421 630 1450 5a.
655 1422 669 1450 1
691 1423 765 1457 ipsis
785 1424 820 1451 A.

503 1514 572 1547 340.
604 1515 647 1547 De
668 1515 789 1547 sanctis
812 1514 1057 1547 confessoribus.

122 1586 183 1620 1a.
210 1586 339 1618 Laudes
366 1588 399 1617 et
422 1587 596 1627 praeconia
816 1586 875 1619 1b.
905 1586 964 1627 Qui
989 1586 1137 1626 possides
1163 1588 1282 1627 gaudia

210 1634 302 1666 Haec
326 1643 386 1674 pro
412 1637 469 1667 tua
493 1634 597 1674 gloria
903 1635 967 1667 Per
993 1638 1126 1667 aeterna
1151 1637 1280 1669 saecula

208 1683 448 1722 Repraesentat
472 1682 618 1723 ecclesia,
902 1683 1025 1722 Regem
1052 1691 1186 1715 cernens
1211 1684 1244 1715 in
1271 1684 1384 1725 gloria.

122 1760 183 1792 22.
211 1760 260 1791 Tu
285 1759 400 1799 plenus
425 1758 489 1791 Dei
511 1759 616 1799 gratia
819 1758 879 1792 2b.
905 1758 1108 1799 Martyribus
1133 1759 1253 1792 similia

209 1807 389 1848 Mundique
413 1807 590 1839 luctamina
901 1806 1051 1840 Meruisti
1076 1807 1222 1846 praemia

211 1854 390 1895 Superasti,
418 1855 522 1887 carnis
548 1854 636 1887 vitia.
900 1855 973 1886 Hac
1001 1855 1034 1886 in
1062 1855 1116 1886 die
1139 1855 1319 1890 sollemnia.

124 1932 186 1965 3a.
214 1932 404 1964 Sanctorum
431 1930 567 1971 collegia
813 1929 872 1963 3b.
899 1931 963 1963 Per
987 1933 1020 1962 te
1047 1930 1141 1963 detur
1166 1932 1262 1965 venia

209 1980 357 2013 Omnium
383 1987 443 2019 per
466 1979 583 2011 merita
899 1978 945 2010 Et
969 1981 1102 2011 aeterna
1127 1979 1247 2020 gaudia

207 2028 257 2059 Tu
282 2027 430 2067 possides
454 2034 515 2067 per
540 2026 678 2059 saecula.
899 2025 1002 2058 Nobis
1026 2035 1087 2067 per
1113 2031 1230 2060 cuncta
1255 2029 1396 2062 saecula.

186 2103 326 2140 Sequent.
334 2111 388 2131 ms.
396 2101 638 2131 Praedicatorum
650 2109 728 2130 saec.
736 2099 780 2129 15.
797 2100 868 2129 Cod.
878 2101 1085 2138 Stuttgartien.
1096 2101 1109 2130 1
1118 2103 1146 2137 b,
1156 2101 1204 2131 49.
1211 2119 1249 2123 —
1259 2103 1273 2132 1
1282 2112 1309 2138 a,
1318 2102 1336 2131 2
1348 2105 1440 2139 Quae.

500 2195 562 2227 341.
594 2195 639 2226 De
659 2193 778 2227 sanetis
801 2194 1047 2228 confessoribus.

119 2272 134 2303 1
149 2278 177 2302 a.
207 2268 332 2309 Gaude,
360 2267 507 2300 caelestis
535 2267 658 2307 civitas,
811 2266 869 2301 1b.
899 2267 995 2300 Cuius
1023 2269 1112 2300 clara
1135 2268 1321 2308 praesentia

206 2317 250 2350 Et
278 2316 406 2349 Christo
432 2316 545 2348 laudes
572 2315 697 2349 debitas
897 2316 1072 2348 Beatorum
1098 2316 1216 2348 militia

205 2367 324 2407 Pange,
352 2374 447 2406 quam
472 2367 585 2397 sancta
611 2363 741 2395 trinitas
899 2363 1070 2396 Perennali
1097 2364 1223 2396 laetitia

256 2413 389 2447 Ornavit
415 2413 623 2446 sollemniter.
947 2411 1100 2444 Exsultat
1127 2411 1279 2447 feliciter.
