1656 2690
691 134 856 171 ——187
913 155 954 161 -

626 267 690 299 212.
724 266 767 300 De
788 269 898 301 saneto
918 269 1069 302 Ioaehim.

188 346 247 379 la.
275 346 473 380 Benedictus
889 350 947 384 lb.
976 350 1027 383 Ex
1053 353 1085 382 te
1111 351 1200 383 clara

275 395 322 427 Es
349 397 512 429 caelorum
538 398 668 439 reginae
975 398 1081 431 Maris
1107 399 1203 431 stella
1229 398 1397 437 formatur,

280 443 426 485 Genitor,
454 444 556 484 prolis
584 446 715 479 divinae
977 446 1028 479 De
1054 456 1117 487 qua
1141 447 1222 479 mire
1246 448 1421 488 generatur

326 492 456 537 Matris,
483 493 570 535 regis
596 495 730 535 gloriae.
1027 495 1186 539 Christus,
1214 497 1262 528 sol
1286 494 1441 528 iustitiae.

187 581 249 612 2a.
278 580 556 621 Patriarcharum,
888 583 949 616 ab.
976 583 1028 615 Ex
1051 585 1084 614 te
1110 586 1258 615 matrona

279 628 514 668 Prophetarum
543 633 575 661 et
600 640 709 671 regum
977 631 1094 671 Digna,
1122 631 1243 662 sterilis
1269 631 1375 673 Anna,

279 676 382 710 Simul
409 680 441 709 et
466 678 670 711 sacerdotum
982 679 1044 710 Vas
1071 679 1200 718 plenum
1230 679 1311 711 caeli
1336 687 1454 710 manna

329 725 430 758 Sacra
455 727 556 766 stirps
582 729 615 758 te
640 728 759 767 genuit.
1025 727 1152 760 Donum
1178 726 1237 758 Dei
1266 726 1423 767 concepit.

189 814 251 846 3a.
277 812 350 844 Hoc
377 821 432 844 vas
458 812 589 845 honoris
889 814 949 848 3b.
976 812 1202 847 Sanctificavit

279 861 389 893 Pietas
416 858 561 901 factoris,
977 861 1194 903 Sanctumque
1220 862 1364 894 servavit

279 908 327 942 Ut,
350 912 454 941 mater
480 911 568 942 esset
591 910 775 950 salvatoris,
978 912 1087 951 Atque
1111 911 1145 942 in
1170 909 1264 942 bonis
1291 909 1496 942 confirmavit

330 956 425 990 Cuius
451 961 522 990 erat
546 956 624 1000 filia,
1027 959 1158 991 Summa
1183 958 1400 999 providentia.

571 1047 603 1079 4.
632 1044 736 1086 Nunc,
764 1049 868 1086 pater,
897 1055 995 1078 exora
1019 1048 1129 1079 natam

630 1092 736 1134 Super
762 1094 876 1127 choros
903 1095 1071 1134 elevatam,

633 1141 677 1174 Ut
702 1142 801 1174 vitam
826 1143 921 1175 iustis
945 1145 1091 1183 paratam

679 1191 839 1231 Impetret
863 1190 896 1222 in
924 1191 1039 1231 patria.

256 1277 342 1305 Miss.
371 1286 425 1305 ms.
449 1277 635 1306 Belisianum
656 1285 733 1305 saec.
757 1274 802 1304 15.
844 1275 913 1305 Cod.
936 1277 1106 1306 Bruxellen.
1128 1273 1204 1305 9786
1214 1274 1292 1305 —90.
1318 1291 1355 1296 —
1385 1274 1434 1310 la,
1456 1274 1474 1304 3
1496 1278 1526 1303 et,

180 1314 281 1352 prolis.
302 1330 342 1335 ——
365 1314 415 1350 la,
430 1313 527 1344 4Ave
547 1318 634 1354 regis.
658 1331 695 1335 —
718 1315 769 1349 lb,
785 1313 803 1342 2
816 1317 924 1344 Maria.
949 1330 983 1335 -—
1005 1314 1057 1350 Za,
1075 1313 1093 1342 2
1115 1318 1145 1343 et
1164 1315 1246 1343 fehlt.
1269 1331 1306 1335 —
1328 1313 1380 1348 2a,
1395 1313 1415 1342 4
1428 1316 1521 1352 stirpe

181 1355 300 1390 genitus
314 1353 420 1391 (gegen
433 1354 491 1382 den
506 1354 613 1390 Reim).
635 1368 673 1374 -ν-
694 1353 745 1389 21),
761 1352 778 1381 2
794 1354 913 1382 Sterilis
931 1355 1017 1382 Anna
1033 1355 1154 1390 dignum
1169 1353 1276 1391 (gegen
1290 1353 1348 1382 den
1365 1353 1470 1385 Reim).
1484 1368 1523 1373 —

180 1393 234 1425 3b,
257 1391 275 1420 2
297 1402 354 1428 que
374 1393 455 1422 fehlt.
485 1409 520 1412 —
543 1391 595 1428 3b,
617 1392 635 1422 3
656 1393 698 1421 Et
718 1395 759 1421 in.
781 1409 819 1413 —
840 1392 867 1423 4.
889 1391 907 1421 3
929 1395 1138 1430 praeparatam
1168 1407 1205 1412 κ-
1230 1394 1288 1420 Aus
1310 1393 1362 1421 der
1383 1393 1522 1428 gleiehen

180 1431 286 1466 Quelle
307 1432 394 1461 Anal.
416 1432 553 1461 Bouana.
573 1433 627 1468 VI,
648 1430 715 1461 398.
736 1447 772 1451 ——
795 1432 848 1460 Als
872 1432 1001 1468 Vox-lage
1021 1433 1121 1460 diente
1142 1431 1275 1460 offenbar
1295 1431 1346 1459 die
1366 1431 1519 1468 Sequenz:

179 1471 395 1499 Benedicta
417 1479 453 1499 es
478 1471 669 1500 caelorum
691 1471 835 1509 regina.

548 1604 609 1636 213.
641 1604 685 1637 De
706 1605 815 1637 sancto
836 1603 976 1636 Iohanne
997 1603 1151 1646 Baptista.

706 1697 739 1731 1.
767 1696 862 1728 Alme
886 1695 999 1728 mundi

190 1777 250 1808 2a.
277 1774 359 1815 Rex,
387 1773 527 1817 Christe,
556 1775 610 1815 qui
892 1773 951 1808 2b.
979 1773 1030 1805 Tu
1055 1773 1215 1815 gubernas

274 1822 360 1865 regis
385 1823 494 1856 saecla
978 1825 1067 1855 astra
1093 1831 1192 1863 supra

277 1875 309 1904 et
334 1881 414 1904 arva
978 1872 1143 1911 marisque

275 1924 410 1961 sataque
436 1924 562 1954 cuncta.
977 1919 1208 1954 habitaculum.

188 2001 250 2034 3a.
278 2000 356 2041 Ipse
381 2009 425 2040 es,
891 1998 950 2033 3b.
977 1998 1038 2039 Qui
1064 1996 1146 2031 facis

276 2049 330 2089 qui
354 2049 482 2082 vocaris
977 2047 1088 2087 prisca
1112 2047 1206 2080 nobis

276 2097 376 2139 alpha
402 2101 432 2130 et
459 2108 497 2139 ω,
977 2096 1176 2141 praesentia,

276 2146 409 2179 Initium
437 2149 469 2179 et
493 2145 578 2187 finis,
978 2145 1187 2188 Quaesumus,
1215 2148 1252 2177 ut
1278 2143 1448 2188 concedas,

275 2194 360 2236 lapis
388 2197 532 2237 quadrus
979 2194 1030 2226 cui
1057 2194 1191 2234 superni

273 2245 439 2287 angularis
979 2243 1070 2276 chori
1096 2245 1217 2277 canunt

277 2297 310 2326 et
337 2294 523 2328 concordia.
978 2295 1011 2324 te
1033 2292 1215 2335 laudantia,

186 2375 248 2406 4a.
277 2373 340 2405 Per
365 2373 520 2414 suffragia
890 2371 950 2405 4b.
978 2370 1039 2410 Qui
1065 2371 1151 2403 inter
1177 2373 1268 2403 vates

276 2422 500 2462 praecursoris
977 2420 1064 2451 solus
1091 2419 1194 2452 maior

278 2470 322 2502 tui
348 2472 446 2511 atque
472 2471 646 2513 baptistae,
979 2470 1088 2501 manet
1112 2468 1185 2509 plus
1212 2476 1308 2509 quam
1334 2466 1507 2508 propheta,
