1656 2690
706 119 875 156 -279
933 140 972 145 —-

200 215 261 248 Sa.
290 215 440 249 Christus
464 216 496 249 ei
521 217 766 257 munimentum,
903 217 962 252 512.
992 216 1076 249 Nam
1102 216 1139 249 fit
1164 216 1255 249 exsul
1280 224 1341 256 pro
1366 216 1480 258 salute,

290 265 384 305 Quod
411 263 556 297 affirmat
576 268 812 306 argumentum,
992 265 1137 298 Credens
1162 265 1224 297 sibi
1250 264 1353 306 magis
1379 266 1448 296 tute

293 313 392 347 Cuius
420 313 517 345 datur
542 312 778 346 firmamentum
991 314 1203 347 Procedendo
1230 322 1301 345 cum
1328 312 1450 345 virtute

341 361 446 394 Locus
473 370 492 393 a
517 360 705 394 virtutibus.
1041 361 1157 394 Procul
1183 371 1203 394 a
1227 360 1427 401 parentibus.

205 439 265 472 Ga.
292 438 385 470 Haec
410 437 453 470 ad
478 437 578 470 vitam
604 438 786 479 regularem
906 440 965 474 6b.
991 439 1065 472 Lux
1092 438 1133 472 de
1158 439 1257 472 caelis
1283 439 1313 470 ei
1341 438 1437 471 datur

294 486 435 519 Chorum
462 489 558 518 vocat
580 487 772 528 puellarem,
991 487 1038 520 Et
1061 488 1192 527 puellae
1213 486 1387 528 revelatur,

295 535 396 575 Quem
422 532 579 567 informat
602 535 778 567 salutarem
994 535 1091 568 Cuius
1118 544 1189 568 esse
1215 534 1410 568 credebatur

345 584 409 616 Per
436 582 606 616 doctrinae
630 583 798 617 monitum.
1040 583 1177 616 Morbus
1203 583 1246 616 ad
1271 583 1448 616 interitum.

207 662 225 694 7
238 669 267 693 a.
296 661 854 701 Posttranscursumquoquemortis
906 661 964 694 7b.
992 661 1135 700 Turpem
1161 660 1274 701 prodit
1297 660 1473 693 occisorem

297 709 414 742 Plures
440 711 534 741 sanat
564 717 682 750 aegrae
707 708 822 741 sortis:
993 708 1088 740 Facti
1114 709 1219 750 turpis
1246 708 1285 741 ob
1311 708 1490 752 horrorem,

294 757 353 790 Fit
378 757 519 790 caducus
544 766 605 799 per
626 757 712 789 hanc
728 755 835 798 fortis,
993 755 1078 789 Dum
1093 760 1256 789 assuetum
1269 759 1531 797 praetermorem

340 805 387 837 Et
413 807 597 837 contractus
623 804 783 845 graditur.
1041 803 1160 837 Sensus
1186 805 1260 838 vivo
1286 804 1437 839 nectitur.

267 881 409 918 Sequent.
430 889 484 909 ms.
507 879 673 917 campense
691 881 763 909 anni
787 877 870 909 1462.
912 880 983 909 Cod.
1014 880 1227 909 earmstadien.
1250 878 1316 908 521.
1342 895 1382 900 --
1409 880 1533 909 Scheint

190 920 416 957 unvollstandig
437 929 475 948 zu
497 920 571 947 sein.

600 1014 669 1047 326.
702 1014 746 1046 De
768 1016 882 1046 sancta
902 1013 1119 1046 Waldetrude.

202 1085 262 1119 la.
289 1086 419 1119 Laudet
445 1085 618 1119 Dominum
647 1087 687 1119 de
714 1085 813 1117 caelis
902 1086 959 1121 1b.
988 1085 1251 1126 Waldetrudem,
1278 1093 1468 1125 generosam

288 1136 324 1168 In
351 1135 414 1166 hoc
440 1134 524 1167 festo
550 1135 644 1175 plebs
670 1133 789 1171 fidelis,
987 1134 1113 1174 Regum
1139 1134 1252 1174 stirpe,
1280 1133 1338 1165 sed
1363 1136 1399 1166 ut
1423 1143 1528 1166 rosam

288 1183 524 1216 Absolventem
551 1192 570 1215 a
595 1182 737 1224 querelis
988 1182 1081 1214 Tunc
1106 1185 1296 1216 vernantem
1321 1182 1496 1222 gloriosam

337 1230 527 1264 Praesentis
551 1231 714 1273 miseriae,
1039 1231 1078 1263 In
1103 1231 1171 1272 poli
1197 1230 1366 1271 temperie.

201 1311 264 1342 2a.
291 1309 429 1342 Hostem
454 1308 626 1342 subdendo
653 1308 798 1341 domavit
899 1309 960 1343 21).
989 1308 1131 1349 Insignis
1158 1309 1226 1340 eius
1250 1308 1386 1340 maritus

290 1359 428 1392 Carnem
454 1359 552 1398 atque
577 1357 691 1389 vivens
717 1356 814 1397 cavit,
987 1357 1053 1390 Per
1078 1356 1163 1390 hanc
1188 1357 1293 1398 legem
1318 1355 1381 1388 Dei
1406 1359 1515 1398 tritus,

289 1407 379 1447 Quae
403 1405 576 1446 perplures
599 1406 683 1438 altos
701 1405 830 1447 stravit,
989 1405 1152 1438 Militares
1177 1405 1327 1446 linquens
1353 1404 1435 1438 ritus

339 1454 468 1488 Saeculi
494 1454 700 1495 ambiginem.
1036 1453 1216 1486 Profitetur
1241 1453 1399 1486 ordinem.

199 1533 260 1566 3a.
288 1533 370 1566 Velo
396 1534 526 1572 sumpto
551 1531 590 1565 fit
615 1532 727 1564 cellita
901 1531 960 1566 3b.
988 1530 1080 1571 Quod
1107 1530 1276 1564 amborum
1301 1530 1344 1562 ad
1369 1531 1513 1563 solamen

286 1581 384 1614 Miris
411 1580 538 1612 clarens
563 1580 596 1613 in
623 1580 685 1613 hac
709 1579 789 1620 vita,
987 1579 1195 1620 Aldegundis
1222 1579 1384 1612 sociamen

286 1630 389 1670 Quam
415 1629 548 1661 tandem
573 1630 698 1662 solatur
722 1628 770 1660 ita
986 1628 1094 1660 Datur
1118 1628 1193 1669 ipsi,
1220 1636 1355 1668 parcum
1381 1631 1489 1661 tamen

335 1678 456 1711 Divina
482 1677 666 1718 clementia,
1035 1677 1124 1709 Ante
1148 1676 1262 1709 mortis
1286 1678 1447 1716 tempora.

196 1756 259 1790 4a-.
286 1756 331 1789 Et
356 1756 405 1788 sic
430 1755 578 1796 geminae
603 1763 744 1797 sororeS,
899 1755 961 1789 4b.
988 1754 1061 1795 Eia,
1088 1757 1204 1794 mater,
1230 1756 1264 1785 te
1288 1761 1471 1796 precamur,

284 1805 376 1838 Auro
401 1803 492 1837 fulvo
517 1804 680 1846 puriores,
989 1803 1117 1844 Obtine,
1145 1802 1232 1843 quod
1257 1810 1409 1834 eruamur

288 1853 507 1887 Consororum
532 1855 651 1886 ornant
676 1861 782 1885 mores
989 1850 1120 1884 Nostris
1146 1850 1253 1891 malis,
1280 1859 1322 1883 ne
1347 1851 1517 1884 tradamur

335 1901 465 1936 vividis
490 1901 678 1936 virtutibus
1035 1898 1242 1934 Infernorum
1271 1898 1418 1933 ducibus.

262 1970 349 1999 Miss.
370 1978 426 1997 ms.
447 1968 744 1998 Mosaetraiectinum
767 1976 843 1997 saec.
867 1967 912 1997 15.
955 1967 1024 1996 God.
1047 1967 1165 2004 Hagen.
1186 1967 1206 1995 J
1230 1964 1274 1995 10.
1299 1981 1338 1985 -—
1363 1967 1434 1995 Mel.
1455 1967 1531 1995 viel-

184 2008 280 2037 leicht
298 2009 464 2038 Verbum
485 2008 622 2037 bonum
644 2008 700 2036 mit
718 2008 892 2044 Repetition
915 2009 997 2036 einer
1016 2006 1154 2035 Klausel.

602 2102 669 2134 327.
698 2103 744 2134 De
764 2103 874 2135 sancto
893 2100 1113 2135 Willibrordo.

195 2175 255 2209 la.
281 2175 543 2217 Frequentemus
568 2175 666 2208 hodie
898 2174 957 2209 1b.
984 2173 1064 2207 Dies
1090 2174 1187 2207 valde
1213 2173 1362 2212 celebriS,

282 2224 423 2259 Cantica
447 2223 605 2268 laetitiae,
986 2223 1056 2263 Qua
1081 2222 1193 2255 mundi
1222 2222 1263 2256 de
1287 2221 1433 2256 tenebris

329 2274 410 2307 Dies
437 2271 541 2306 festus
567 2273 686 2314 agitur,
1034 2271 1095 2304 Vir
1119 2274 1251 2305 sanctus
1277 2271 1427 2312 eripitur.

193 2353 255 2386 2a.
282 2352 378 2385 Felix
406 2352 617 2386 commutatio
897 2352 958 2387 2b.
984 2351 1036 2384 De
1061 2350 1116 2383 via
1140 2351 1184 2383 ad
1209 2350 1360 2394 patriam,

281 2402 337 2435 Ad
364 2401 449 2435 viam
477 2401 519 2434 de
543 2401 644 2442 invio,
986 2399 1038 2433 De
1062 2402 1168 2433 morte
1193 2399 1236 2432 ad
1262 2398 1398 2441 gloriam

328 2450 381 2484 De
407 2460 505 2483 cursu
530 2451 574 2485 ad
601 2450 761 2492 bravium,
1033 2448 1079 2482 Et
1104 2449 1246 2482 caeleste
1270 2447 1446 2490 gaudiums
