1656 2690
626 89 886 125 ——252—

106 195 162 228 (ie.
189 193 235 226 Et
259 200 370 224 caecos
394 189 556 222 illuminat
796 186 855 219 6b.
882 185 1107 219 Incumbamus
1132 184 1232 225 igitur

191 240 235 273 Et
259 247 368 272 omnes
394 237 587 270 exterminat:
885 233 1050 275 Precibus,
1078 241 1148 264 cum
1174 231 1308 273 petitur,

237 287 371 321 Morbos
396 285 458 318 Dei
482 292 625 318 munere.
934 280 1016 313 Nam
1042 281 1126 313 solet
1151 279 1305 312 adnuere.

105 358 160 388 7a.
188 354 212 386 O
239 353 370 395 praesul
393 352 520 393 eximie,
800 350 858 382 7b.
886 348 932 383 Ut
957 357 1015 381 nos
1043 348 1140 381 ducat
1164 347 1207 380 ad
1234 346 1365 379 chorum

190 402 256 435 Fer
282 402 342 434 Dei
370 401 558 433 elementiae
890 399 966 430 Post
996 397 1080 429 hanc
1104 395 1204 429 vitam
1231 397 1426 436 sanctorum,

239 450 323 482 Vota
347 448 611 490 supplicantium,
938 444 1003 480 Ubi
1029 444 1111 487 iugis
1138 444 1242 485 gloria

537 516 569 549 8,
596 516 676 549 Cum
701 514 841 548 laetitia.

596 563 716 595 Dicant
742 563 843 596 Amen
871 563 987 594 omnia.

173 633 257 662 Miss.
278 641 332 660 ms.
354 632 532 661 stabulense
553 637 631 659 saec.
655 629 698 658 15.
740 628 811 657 Cod.
832 628 1001 657 Bmxellen-
1025 625 1107 656 1518.
1129 642 1140 647 -
1189 625 1241 662 212,
1258 624 1275 654 3
1295 625 1429 654 Tandem

97 673 240 708 obtinuit3
261 671 335 699 fehlt
355 672 422 699 eine
443 667 527 698 Sssbe
549 670 619 697 oder
640 670 688 696 ein
710 668 831 704 Objekt3
855 667 926 696 oder
946 667 1001 695 lies
1021 666 1218 703 Triumphum
1241 665 1394 693 obtinuit?

534 763 594 795 291.
627 763 671 794 De
692 763 800 794 sancto
822 761 991 793 aichardo.

108 828 164 861 la.
193 827 318 867 Pangat
344 827 468 864 chorus,
494 828 531 857 ut
556 827 605 858 est
621 824 729 863 moris,
801 825 859 859 11).
887 825 985 864 Quem
1012 822 1053 855 ad
1079 822 1128 854 sui
1155 820 1332 854 conditoris

195 873 295 907 Festa
321 875 428 906 colens
454 873 647 906 confessoris
889 872 1002 912 Regna
1025 870 1125 902 traxit
1149 870 1198 902 vis
1221 868 1340 901 amoris

242 922 401 955 Richardi
425 921 614 963 beatissimi,
936 919 983 951 Et
1007 917 1139 951 affectus
1157 916 1272 951 intimi.

111 992 168 1023 2a.
196 990 320 1023 Nomen
348 990 377 1021 ei
402 991 490 1021 recte
518 990 622 1029 datur,
801 988 862 1022 2b.
889 987 959 1019 Neo
984 995 1048 1018 non
1074 987 1160 1017 totus
1186 984 1383 1025 immolatur,

196 1038 260 1071 Per
285 1038 370 1078 quod
394 1037 464 1069 Deo
492 1036 679 1076 designatur
893 1035 990 1068 Cuius
1015 1034 1090 1075 igne
1117 1035 1341 1066 concrematur

245 1086 343 1118 Dives
369 1093 467 1126 super
492 1084 618 1124 omnia3
941 1082 1034 1123 Caro,
1060 1090 1150 1114 mens
1178 1083 1210 1113 e'n
1235 1080 1351 1113 anima.

111 1155 168 1187 3a.
196 1153 305 1193 Stirpe
332 1153 437 1184 clarus
464 1154 495 1183 et
520 1154 636 1184 natura
805 1151 861 1186 3b.
890 1150 953 1183 Cor
980 1150 1118 1190 depurat
1142 1147 1223 1182 fides
1250 1156 1343 1188 pura,

199 1201 289 1233 Sacri
316 1198 414 1232 fontis
440 1200 588 1240 genitura
891 1199 934 1231 Et
961 1196 1117 1230 immundi
1143 1197 1255 1229 mundi
1283 1205 1360 1228 cura

247 1248 374 1282 Olarior
399 1246 549 1288 efficitur,
941 1246 1031 1279 Caeli
1056 1245 1125 1277 zelo
1150 1245 1302 1279 vincitur,

110 1319 169 1350 4a.
198 1316 292 1349 Hune
318 1316 439 1348 honore
464 1315 644 1355 praesulari
804 1314 864 1349 4b.
891 1315 975 1347 Rete
1000 1314 1116 1345 missus
1141 1312 1242 1345 infert
1266 1312 1358 1355 mari,

202 1366 318 1397 Petrus
343 1363 432 1395 iubet
457 1363 625 1395 sublimari
892 1362 1000 1394 Verbo
1027 1362 1115 1401 capit
1139 1360 1274 1393 salutari

247 1412 462 1451 Destinatque
485 1410 664 1452 Andria1n3
943 1410 1080 1442 Gentem
1105 1408 1170 1442 fide
1194 1417 1339 1441 vacuam.

113 1482 171 1515 5a.
198 1480 235 1512 In
261 1483 407 1519 ingressu
434 1477 574 1510 civitatis
809 1478 872 1513 5b.
901 1477 1005 1510 Donis
1030 1478 1145 1509 laxans
1173 1476 1346 1516 duplicatis

199 1527 316 1560 Morbo
344 1527 398 1559 diu
424 1526 615 1566 mancipatis
893 1527 957 1559 Per
981 1525 1176 1566 baptismum
1202 1524 1362 1558 invocatis

248 1575 386 1608 Praebet
413 1583 505 1621 opem
532 1574 667 1618 miseris,
944 1573 1066 1614 Culpae
1091 1573 1199 1606 vinela
1225 1571 1354 1605 veteris,

115 1645 174 1678 621,
201 1643 285 1675 Fide
309 1643 436 1683 pollens
462 1645 495 1674 et
520 1642 647 1684 decora,
809 1642 867 1677 6b.
896 1642 959 1674 Per
983 1642 1068 1674 hunc
1093 1641 1153 1673 tibi
1179 1640 1318 1682 supplex
1344 1650 1402 1673 ora

201 1692 250 1724 Tu
275 1699 360 1723 nune
386 1689 467 1722 effen
489 1692 520 1722 et
544 1691 667 1722 honora
894 1690 976 1723 Post
1003 1690 1151 1730 disrupta
1177 1690 1283 1722 earnis
1310 1690 1382 1722 lora

249 1740 417 1772 Pastorem
444 1740 545 1777 tuum,
572 1738 709 1779 Andria,
943 1739 1040 1771 Vitae
1068 1738 1139 1771 dari
1165 1746 1295 1778 pascua.

117 1809 135 1840 7
144 1819 172 1841 a.
200 1807 284 1847 Tibi,
312 1809 416 1847 pater,
444 1807 675 1847 supplicamus,
811 1806 870 1839 7b.
898 1806 950 1839 Ne
974 1816 1032 1839 nos
1058 1807 1168 1839 trahat
1193 1806 1294 1839 hostis
1315 1808 1440 1848 hamus,

202 1855 275 1888 Tibi
301 1855 414 1887 laudes
442 1855 649 1897 cumulamus,
897 1855 944 1887 Te
969 1857 1108 1888 tutorem
1135 1856 1314 1887 sentiamus

251 1902 404 1937 Pontifex
430 1903 642 1943 sanctissime,
948 1903 1100 1943 Corporis
1127 1906 1160 1935 et
1184 1903 1321 1938 animae.

186 1969 306 1998 Colleet,
337 1979 390 1998 mS.
412 1970 644 1998 Vallieellauum
667 1977 745 1997 saec.
770 1967 845 1998 ¹⁶l17.
881 1969 950 1998 God.
977 1969 1169 1998 Vallioellan.
1191 1971 1225 1999 G.
1247 1969 1293 1998 77.
1317 1985 1352 1990 „-
1377 1971 1442 2007 Vgl.

108 2009 160 2075 ᾱίῗ)
177 2010 312 2074 ξῒεῳιεῃυ
332 2008 469 2045 gleiehen
489 2009 622 2046 Anfangs
646 2009 699 2037 auf
715 2008 941 2043 Prosdooimus,
971 2017 1029 2037 von
1048 2009 1177 2038 weloher
1198 2010 1280 2038 diese
1301 2012 1368 2038 eine
1388 2010 1444 2038 Be-

108 2052 143 2075 ai‘
165 2057 192 2075 ei
208 2055 267 2084 ung
289 2048 337 2074 ist.

573 2151 640 2183 292.
675 2151 718 2184 De
727 2154 848 2188 „sancto
869 2153 989 2185 Rufino.

617 2231 647 2266 1.
662 2232 776 2267 Virum
802 2237 948 2267 sanetum

123 2302 180 2334 2a.
209 2300 437 2334 Collaudamus
819 2301 878 2335 21³.
907 2301 968 2341 Qui
992 2302 1026 2334 in
1052 2302 1171 2335 mundo

212 2348 360 2382 Rufinum
907 2353 943 2381 ut
968 2348 1064 2384 stella

206 2398 305 2431 laude
332 2397 451 2440 debita,
909 2398 1025 2431 claruit
1049 2398 1196 2439 pulchra.
