1656 2690
693 109 959 145 —152-

199 212 258 244 5a.
284 209 425 242 Fructus
451 208 530 241 sede
554 208 714 248 pastorali

200 425 259 458 Ga.

196 590 255 622 va.

196 754 256 786 8a.

197 917 256 949 92.

171 1081 214 1113 10
227 1089 255 1113 a.

169 1292 251 1325 lla.

164 1985 223 2018 la.

164 2161 220 2194 2a.

162 2336 220 2368 3a.

284 307 371 348 Vigil
396 306 487 337 stetit
511 304 653 345 spiritali

333 354 447 395 Gregis
473 354 506 385 in
533 354 688 387 custodia.

288 423 351 456 Sed
378 424 415 455 ut
435 421 497 454 soli
522 421 651 456 Christo
678 425 781 462 vacet,

284 472 402 512 Spreta
425 470 516 511 lippa
541 470 664 503 Rachel
689 470 799 510 placet

330 519 445 553 Noctis
470 521 561 551 atrae
584 519 710 560 nescia;

282 588 395 620 Hostis
419 587 512 619 adest
533 587 673 628 invidus,

283 636 396 669 Virum
423 638 520 667 vexat
546 635 680 667 callidus

330 684 435 717 Multa
459 692 520 724 per
546 684 670 717 exsilia.

283 751 393 792 Longo
418 752 522 783 latens
547 752 581 783 in
606 760 735 784 recessu

284 800 376 834 Omni
403 798 486 840 fugit
510 799 550 832 ab
578 808 709 832 accessu

331 848 439 881 Plebis
466 850 496 880 et
522 846 714 888 frequentia.

282 917 383 949 Fame
408 916 503 958 longa
527 919 707 949 maceratus

281 964 344 996 Est
369 964 503 997 caelitus
526 965 689 996 revelatus

327 1013 432 1045 Humo
457 1012 543 1044 inter
568 1013 702 1054 somnia,

283 1079 365 1112 Nam
394 1087 518 1111 eremus
546 1079 729 1121 innotescit,

280 1127 385 1168 Signis
410 1127 541 1167 praesul
564 1127 759 1171 inclarescit,

281 1174 384 1208 Fama
409 1174 498 1207 cuius
523 1175 735 1208 increbrescit

329 1223 444 1256 Mundi
471 1232 531 1263 per
558 1223 703 1258 confinia.

278 1293 377 1333 Quam
404 1293 521 1323 natura
547 1291 740 1331 depravavit

278 1340 324 1372 Et
347 1339 490 1372 brevitas
516 1339 710 1380 deprobavit

279 1388 427 1431 Trabem,
457 1392 587 1419 sanctus
614 1388 783 1428 adaptavit

323 1436 445 1468 Domus
470 1435 504 1467 in
530 1434 666 1476 fastigia.

864 208 922 242 5b.

863 422 920 455 6b.

861 587 918 621 7b.

857 752 917 786 8b.

861 919 879 950 9
889 918 919 952 b,

836 1080 919 1115 10b.

835 1293 917 1326 11b.

950 208 1045 241 Nunc
1060 217 1129 241 cum
1146 210 1279 254 Rachel,
1295 218 1379 244 nunc
1394 219 1463 241 eum

1290 259 1362 301 Lia,

951 306 1003 338 Ibi
1027 306 1172 348 Martha,
1197 306 1251 338 hic
1275 307 1383 339 Maria

1000 354 1139 387 Diversa
1164 364 1224 395 per
1249 355 1367 389 studia.

947 422 1042 456 Illam
1070 422 1162 464 fugit,
1189 424 1263 456 huic
1288 424 1409 469 haeret,

953 472 1096 504 viduata
1121 472 1216 504 sedes
1241 476 1366 505 maeret

994 520 1087 562 Fuga
1110 521 1215 561 patris
1242 522 1348 556 anxia.

948 587 1158 621 Commutatis
1183 589 1314 622 sedibus

950 636 1130 669 Gallilaeae
1155 638 1294 670 vallibus

1000 686 1097 725 Quies
1125 685 1221 718 datur
1246 687 1389 727 placida.

945 754 1039 794 Dape
1064 757 1176 794 pastus
1202 755 1288 787 ultro
1313 758 1401 797 nata,

947 802 1079 834 Iunctus
1107 801 1184 834 feris
1211 803 1324 835 miscet,
1347 808 1441 845 grata

997 851 1076 884 Cum
1102 850 1172 883 Deo
1199 852 1367 892 colloquia.

946 918 992 950 Et
1017 918 1070 958 qui
1097 918 1196 950 baiuli
1223 918 1367 951 ciborum

947 966 993 998 Et,
1019 966 1168 998 ductores
1194 969 1270 998 sunt
1295 967 1437 999 virorum

995 1014 1047 1045 Ad
1074 1014 1179 1045 sancti
1204 1015 1342 1055 tuguria.

948 1081 1012 1112 Vas
1029 1090 1089 1121 pro
1106 1081 1182 1114 vino
1196 1091 1339 1114 muscam
1359 1083 1460 1125 dedit,

946 1129 997 1161 Ea
1022 1138 1131 1162 morsu
1157 1130 1260 1162 virum
1286 1131 1399 1174 laedit,

947 1178 1006 1210 Vir
1012 1187 1103 1218 comp
1108 1188 1147 1210 un
1153 1181 1220 1210 ctus
1228 1177 1361 1211 fundam
1369 1180 1479 1212 reddit

993 1227 1173 1266 Impetrata
1198 1227 1301 1261 venia.

944 1293 1009 1326 Hic
1026 1297 1075 1325 est
1091 1295 1235 1334 prudens
1251 1295 1460 1340 architectus,

947 1341 1050 1382 Culpa
1075 1342 1158 1374 iacet
1185 1343 1238 1383 qui
1266 1343 1422 1387 abiectus,

946 1389 1142 1422 Sublevatur
1166 1399 1226 1431 per
1251 1391 1336 1424 hunc
1353 1397 1462 1426 rectus

993 1439 1079 1470 Aula
1102 1439 1136 1470 in
1163 1439 1325 1474 aetherea.

521 1504 576 1536 12.
606 1503 630 1536 O
659 1504 807 1536 caelestis
833 1504 1020 1546 architecte,

602 1551 704 1591 Quam
730 1561 901 1592 meremur,
926 1554 1009 1586 iram
1035 1552 1140 1595 flecte,

603 1599 707 1640 Culpa
731 1601 824 1642 gravi
848 1611 906 1633 nos
932 1602 1077 1634 abiectos

600 1647 666 1680 Fer
691 1648 724 1680 in
751 1649 858 1681 aulam
884 1650 965 1682 caeli
986 1654 1092 1683 rectos

650 1696 710 1728 Pia
735 1706 795 1737 per
820 1697 982 1739 suffragia.

178 1762 333 1830 Aligsfislssffi
335 1761 484 1830 1ffiullense
513 1763 582 1799 imp.
611 1763 705 1791 Tullii
731 1761 814 1791 1551.
846 1781 883 1785 —
914 1763 964 1800 9a,
995 1763 1013 1794 3
1042 1766 1099 1794 Am
1127 1767 1232 1796 Raude
1261 1770 1303 1797 ist
1324 1771 1491 1799 vermer-kt:

158 1822 172 1838 „
377 1822 383 1829 .

600 1903 653 1935 171.
684 1903 727 1936 Dc
747 1905 856 1937 sancto
878 1905 1038 1947 Dionysio.

249 1984 301 2017 Ex
327 1984 460 2018 caelesti
484 1984 667 2017 hierarchia

250 2034 361 2066 Virtus
382 2032 486 2072 fulget
511 2041 550 2064 ac
575 2033 689 2073 sophia

298 2081 373 2113 Divi
400 2080 558 2123 Dionysii,

248 2159 402 2199 Mundus,
434 2158 550 2199 inquit,
576 2161 632 2190 aut
656 2160 788 2201 peribit,

248 2207 310 2240 Vel
334 2206 482 2247 poenalis
507 2216 578 2239 sors
605 2208 731 2240 collidit,

297 2255 413 2295 Deum,
441 2255 496 2295 qui
521 2255 722 2290 obtenebrat.

248 2334 368 2377 Alpha,
393 2331 522 2366 solvens
551 2333 658 2375 dubia,

249 2383 407 2416 Errorum
434 2382 579 2423 conubia,

298 2431 417 2465 Sensus
442 2431 590 2472 pandens
616 2440 740 2476 graves,

859 1988 917 2023 1b.

858 2162 917 2197 2b.

858 2338 917 2372 3b.

945 1989 1015 2030 Qui,
1043 1998 1113 2022 cum
1139 1992 1253 2025 mundi
1277 2003 1338 2033 pro
1363 1996 1469 2028 salute

947 2036 1049 2070 Cruce
1075 2040 1198 2079 pendet
1221 2045 1333 2074 auctor
1359 2044 1456 2087 vitae,

995 2085 1087 2119 Scius
1112 2087 1150 2120 fit
1176 2091 1331 2132 mysterii.

946 2163 1011 2196 Sed
1037 2165 1123 2198 hunc
1140 2166 1259 2200 scholis
1278 2174 1488 2209 perorantem

945 2212 1064 2246 Paulus
1089 2213 1211 2248 format,
1234 2217 1449 2264 ignorantem,

993 2261 1078 2294 Dum
1103 2272 1232 2297 caecum
1257 2267 1431 2302 illuminat.

945 2339 1041 2372 Hunc
1065 2341 1149 2374 mira
1175 2343 1346 2378 clementia

943 2388 1091 2428 Replesti
1113 2391 1250 2425 scientia

991 2437 1111 2471 Tactus
1137 2449 1197 2481 per
1223 2450 1349 2478 suaves.
