1656 2690
693 144 956 180 —145-—

195 241 254 273 7a.
284 240 474 274 Senatorum
893 242 951 275 7b.
981 241 1183 275 Germinavit

379 290 483 330 stirpe
513 289 713 330 progenitus,
1077 290 1169 331 prius
1193 292 1230 322 ut
1253 289 1358 322 lilium

282 338 467 372 Litterarum
979 339 1139 372 Mundum
1164 347 1321 379 spernens

381 387 497 419 studiis
523 386 665 419 traditus
1078 390 1111 419 et
1135 387 1385 429 matrimonium,

280 435 335 468 Ad
361 444 535 476 supernum
982 436 1044 468 Pro
1076 434 1233 468 fratribus

380 484 541 516 dictamen
567 483 702 523 spiritus
1077 487 1190 516 nactus
1219 483 1410 523 martyrium

327 532 509 565 Evidenter
534 531 654 566 floruit.
1028 533 1148 565 Factus
1174 540 1249 564 rosa
1274 531 1396 566 rubuit.

191 610 250 643 Sa.
281 611 403 644 Caecus
415 610 506 643 videt
516 612 663 642 etmutus
672 610 826 650 loquitur,
895 611 956 645 810.
974 610 1151 643 Imbecillis
1177 619 1258 642 sana
1281 610 1475 650 regreditur,

278 659 433 691 Invocato
462 659 599 691 daemon
624 658 739 690 eicitur
972 659 1017 691 Et
1043 658 1173 691 collisus
1197 658 1310 700 auriga
1334 658 1485 690 redditur

327 707 498 739 Trinitatis
525 707 665 739 nomine.
1020 707 1159 740 Sanitati
1184 706 1352 746 pristinae.

190 786 250 818 Ga.
280 784 434 817 Inimicus
460 784 507 816 nil
532 782 672 826 proficit,
890 786 950 819 eb.
972 784 1077 825 Caput
1103 784 1255 824 deportat
1280 783 1450 824 proprium

274 832 393 866 Mortis
418 835 563 873 potestas
591 830 710 869 deficit,
971 832 1169 866 Collaudans
1194 831 1258 863 Dei
1283 831 1396 872 filium,

276 882 354 914 Vita
378 883 452 922 post
477 884 613 914 mortem
639 877 771 920 sufficit,
974 881 1052 914 Post
1076 883 1213 912 mortem
1239 879 1458 912 testimonium

327 929 419 963 Vivit
446 938 563 971 corpus
590 930 747 961 exanime.
1021 929 1145 962 Reddit
1172 928 1287 961 salutis
1311 928 1447 961 animae.

168 1009 211 1042 10
224 1017 253 1040 a.
280 1008 431 1049 Laetare,
459 1008 537 1041 Sion
562 1005 641 1046 filia,
865 1008 908 1042 10
918 1008 948 1041 b.
970 1007 1087 1040 Caedit
1112 1007 1214 1039 hostis
1242 1010 1274 1039 et
1298 1007 1451 1048 vincitur,

276 1056 393 1089 Lauda
418 1056 481 1089 Dei
506 1055 679 1097 magnalia,
967 1056 1079 1088 Vincit
1103 1058 1229 1095 martyr
1255 1058 1287 1087 et
1313 1055 1468 1098 caeditur,

278 1105 374 1139 Cuius
400 1104 491 1138 novit
515 1104 663 1145 potentia
968 1103 1159 1137 Decollatur
1184 1112 1246 1137 nec
1271 1103 1418 1145 moritur,

324 1152 379 1185 Sic
403 1153 517 1185 mortis
539 1153 610 1186 iura
629 1151 790 1193 frangere.
1019 1152 1106 1187 Vivit
1131 1153 1186 1185 hic
1212 1155 1245 1184 et
1268 1153 1302 1185 in
1328 1152 1470 1185 aethere.

163 1231 247 1267 lla.
275 1232 357 1272 Ave,
386 1239 520 1264 consors
546 1231 745 1271 angelorum,
863 1230 946 1265 1110,
966 1230 1035 1263 Fac
1059 1240 1118 1264 nos
1144 1230 1282 1263 mundos
1306 1239 1326 1263 a
1350 1231 1494 1271 peccatis

275 1281 418 1320 Martyr⁹
446 1279 544 1312 decus
570 1279 720 1321 aliorum,
968 1279 1151 1312 Coheredes
1179 1278 1319 1312 civitatis

322 1328 405 1371 Ave,
433 1337 494 1369 par
519 1328 686 1369 apostolis.
1017 1329 1193 1371 Supernae‚
1222 1336 1316 1368 quam
1340 1329 1468 1362 recoliS.

163 1408 208 1441 12
219 1416 249 1441 a.
276 1408 338 1447 Tu,
364 1407 420 1448 qui
444 1407 543 1439 morti
568 1405 780 1439 succumbere
860 1407 944 1440 1212.
963 1406 1011 1439 Ut
1034 1406 1069 1439 in
1094 1404 1203 1438 futuro
1230 1405 1358 1438 saeculo

322 1455 463 1488 Voluisti
486 1464 546 1495 pro
573 1453 741 1496 fratribus,
1013 1454 1225 1488 Possidentes
1253 1453 1398 1495 duplicia

273 1504 426 1545 Digneris
451 1503 655 1536 intercedere
965 1503 1083 1545 Sponsi
1109 1501 1256 1535 fruamur
1282 1503 1400 1546 osculo,

319 1553 385 1586 Pro
410 1552 472 1585 tibi
497 1551 740 1595 famulantibus,
1012 1552 1100 1585 Vera
1124 1551 1188 1584 Dei
1213 1552 1412 1592 praesentia.

226 1620 316 1656 Trop.
341 1628 395 1647 ms.
422 1620 451 1648 S.
478 1619 609 1647 Carauni
628 1619 821 1648 Carnotensis
843 1627 920 1648 saec.
947 1616 1023 1648 ¹2l13.
1056 1617 1126 1647 Ood.
1144 1618 1278 1654 Angelic.
1293 1615 1351 1647 435
1366 1618 1404 1654 (D
1416 1616 1491 1655 VB).

148 1658 207 1686 Mit.
225 1658 367 1687 Melodie.
386 1674 425 1678 —
446 1657 500 1695 δε,
522 1657 539 1686 1
561 1658 666 1686 Cesset
684 1658 787 1687 dohec.

619 1771 673 1804 161.
706 1772 750 1803 De
771 1772 885 1805 sancta
907 1772 1010 1805 Clara.

159 1856 175 1888 1
190 1865 219 1888 a.
248 1855 346 1888 Clara
370 1854 427 1886 lux
452 1853 606 1894 apparuit
861 1853 918 1887 lb.
948 1853 1049 1893 Quam
1075 1852 1272 1886 Franciscus
1300 1855 1419 1897 docuit,

246 1903 383 1942 Mundo,
410 1903 540 1943 quando
567 1902 683 1935 claruit
950 1902 1045 1935 Clare
1072 1902 1171 1935 vitam
1198 1904 1303 1936 tenuit

296 1952 413 1986 Clarae
438 1951 542 1985 virtus
568 1960 720 1995 operum3
996 1951 1208 1985 Dominarum
1233 1961 1424 1995 pauperum.

158 2033 220 2064 2a.
246 2030 353 2063 Huius
379 2029 461 2063 clari
486 2029 606 2063 sideris
859 2031 919 2066 2b.
947 2030 1020 2063 Vox
1047 2031 1088 2064 de
1115 2031 1206 2064 caelo
1231 2032 1359 2072 nuntia,

251 2079 460 2113 Clarescendi
485 2079 626 2120 posteris
946 2079 1096 2113 Praestat
1122 2079 1185 2113 hoc
1209 2089 1270 2120 pro
1295 2080 1364 2114 filia

295 2128 426 2162 Clarum
451 2126 491 2160 fit
513 2128 652 2169 initium,
994 2128 1095 2162 Matri
1123 2129 1319 2165 natalitium.

154 2209 214 2242 3a.
243 2207 329 2240 Dum
355 2209 472 2247 petens
498 2206 661 2248 genimina
855 2207 916 2241 3b.
946 2206 1041 2240 Clare
1066 2217 1130 2242 vox
1156 2210 1234 2241 tunc
1259 2208 1378 2250 sonuit,

242 2257 307 2289 Per
332 2259 517 2289 sanctorum
543 2256 656 2289 limina
944 2256 1066 2290 Parens
1091 2260 1189 2290 natae
1213 2259 1325 2298 posuit

293 2303 438 2338 Defieret
465 2305 610 2346 exitium,
994 2306 1121 2339 Nomen
1147 2306 1188 2339 ob
1212 2306 1380 2339 indicium.

152 2385 215 2418 4a.
243 2383 323 2417 Orta
350 2384 437 2416 claro
464 2385 621 2425 sanguine
855 2383 915 2419 4b.
943 2384 1073 2426 Longas
1099 2393 1158 2425 per
1184 2384 1313 2427 vigilias

243 2432 403 2474 Purpuris
430 2432 489 2465 sub
519 2433 658 2475 tegmine
947 2433 1051 2466 Orans
1077 2431 1163 2475 fugit
1187 2433 1273 2467 filias

293 2481 391 2514 Clara
416 2480 483 2514 fert
508 2482 668 2525 cilicium3
994 2482 1171 2516 Hominum
1196 2485 1228 2515 et
1253 2483 1376 2515 vitium.

200 2540 308 2565 Blume
316 2559 322 2569 ,
339 2540 493 2570 sequentiae
508 2542 632 2566 Ineditae.
662 2542 694 2566 V.
1278 2538 1315 2568 10
