1656 2690
718 130 979 166 ——110—

279 226 418 263 Sequent.
432 234 486 253 ms.
499 224 529 253 S.
541 225 664 263 Georgii
674 226 873 263 Villingensis
888 235 965 255 saec.
978 225 1024 255 15.
1046 227 1117 255 Cod.
1129 227 1340 256 Carolsruhan.
1353 226 1424 255 Geo.
1435 223 1463 254 3.
1474 242 1512 246 —

182 263 232 295 210,
259 263 273 292 1
294 265 417 293 Throni.
438 280 476 283 —
496 261 548 298 3b,
570 261 588 292 3
610 264 773 302 ethmagia3
796 265 1172 305 ἐκμαγεῖονπὲκμαγμα,
1194 265 1344 294 Abdruck.
1366 280 1404 284 —
1425 263 1480 301 (ia,
1495 263 1514 292 2

182 306 360 340 potestatu53
382 311 431 331 um
453 302 502 330 die
513 303 671 331 Neunzaffl
692 303 744 331 der
759 304 856 332 Ohtire
877 305 940 333 voll
960 314 997 332 zu
1018 305 1150 338 macheu,
1174 305 1241 333 sind
1253 304 1319 332 hier
1335 304 1384 331 die
1396 304 1513 332 Princi-

182 345 270 378 patus
286 344 483 370 einzusetzen.
506 357 542 361 —
563 340 615 375 612,
633 339 648 369 1
664 341 855 371 Submonere.
871 359 909 363 —
923 341 974 377 Sa,
989 342 1008 371 2
1021 346 1141 372 terceni.
1155 359 1195 363 —
1210 342 1244 371 11
1252 352 1278 379 a,
1294 344 1310 369 ’.ἑ
1326 343 1371 371 Zu
1387 343 1514 380 „alloce-

182 379 238 408 tis“
262 381 313 409 cfr.
334 382 384 409 Du
404 379 506 416 Gange
526 389 548 408 s.
570 389 599 408 v,
620 380 1010 418 allocatus=pr00uraton

661 494 717 525 118.
748 494 793 526 De
814 496 927 526 sancta
945 496 1044 527 Anna.

193 575 255 609 la.
282 572 378 609 Felix
404 574 510 614 Anna,
537 575 726 617 jucundare,
889 575 947 611 lb.
974 573 1060 610 Eras
1086 577 1180 620 enim,
1209 579 1314 619 Anna,
1344 577 1463 617 clausa,

278 621 381 664 Regis
407 623 523 654 summi
550 632 708 656 venerare
977 622 1056 659 Rite
1081 625 1203 665 templo
1229 625 1311 657 nihil
1337 634 1417 657 ausa

278 670 409 706 Almam
434 674 570 703 matrem
596 674 628 703 et
652 672 773 704 mirare
973 670 1148 707 Immolare
1172 673 1253 714 legis
1279 682 1386 715 causa,

327 718 431 754 Tuam
457 728 528 751 esse
550 719 660 753 filiam.
1024 719 1049 756 Ο
1076 722 1173 754 beata
1198 722 1330 754 sterilis.

190 809 251 841 2a.
278 804 350 841 Hoc
374 807 490 845 evenit,
515 809 553 838 ut
575 807 752 848 mirandus,
885 808 946 843 2b.
974 805 1075 842 Sacer
1100 807 1236 849 fructus,
1262 817 1356 840 sacra
1380 809 1494 848 planta

277 853 385 895 Anna,
412 853 537 886 fructus
564 863 604 887 ex
630 859 663 887 te
688 856 814 888 dandus
975 855 1027 891 De
1051 861 1084 889 te
1109 858 1207 900 venit,
1235 866 1313 889 arca
1337 859 1448 897 tanta;

278 900 379 939 Nobis
406 905 501 944 esset,
525 903 743 936 incarnandus
972 902 1053 939 Esto
1079 905 1182 948 nobis,
1208 905 1316 946 Anna,
1343 908 1455 937 sancta

326 948 378 985 Ex
405 960 466 991 quo
491 951 555 983 Dei
578 950 674 986 filius,
1020 951 1125 987 Prece
1150 956 1207 985 tua
1230 954 1394 994 gaudium.

191 1040 251 1072 3a.
280 1036 386 1082 Alma,
415 1038 530 1078 gaude,
558 1047 640 1078 quae
664 1038 814 1079 Mariam,
884 1039 943 1074 3b.
969 1036 1145 1073 Mediatrix
1173 1048 1248 1080 ergo
1273 1042 1415 1081 praesto,

277 1084 378 1127 Regis
405 1086 520 1118 summi
545 1089 655 1118 natam
680 1087 767 1126 piam
969 1085 1069 1122 Anna
1093 1090 1215 1129 sancta,
1241 1087 1334 1120 nobis
1361 1090 1440 1127 esto,

276 1132 434 1177 Meruisti‚
464 1135 544 1166 caeli
570 1135 666 1176 viam,
972 1133 1123 1170 Gloriosa
1149 1136 1202 1168 die
1228 1134 1312 1169 festo

327 1181 425 1218 Anna
450 1185 572 1226 sancta,
600 1191 726 1224 parere.
1020 1180 1095 1217 Iam
1121 1186 1252 1216 aeterne
1276 1184 1408 1217 iubilas.

537 1271 595 1303 30.
623 1266 676 1304 Sis
701 1279 761 1310 pro
787 1270 881 1302 nobis
907 1270 1077 1311 advocata,

626 1315 678 1351 Tu
705 1321 736 1350 et
761 1317 841 1350 felix
867 1321 923 1351 tua
946 1322 1032 1362 nata,

624 1363 704 1399 Esto
729 1366 823 1398 nobis
849 1367 903 1398 via
927 1367 1004 1407 lata,

672 1411 773 1455 Regis
798 1415 894 1447 radix
918 1415 1051 1456 gloriae.

262 1500 422 1529 Gollectan.
444 1509 497 1527 ms.
518 1500 680 1528 Parmense
698 1499 732 1536 (‘?)
753 1509 829 1529 saec.
852 1499 897 1529 15.
939 1500 1009 1529 God.
1035 1501 1138 1529 Esten.
1158 1502 1305 1536 Mutinen,
1328 1501 1390 1529 XH
1411 1501 1442 1529 Ο.
1468 1500 1513 1530 11.

183 1539 249 1567 add.
270 1547 346 1567 saec.
368 1537 414 1567 15.
496 1537 546 1574 la,
561 1537 582 1566 4
600 1538 678 1566 Esse
697 1542 787 1567 tuam.
809 1554 846 1558 —
869 1538 920 1574 lb,
937 1538 952 1567 1
965 1540 1050 1568 Erat.
1073 1556 1109 1561 —
1133 1539 1182 1575 lb,
1198 1539 1216 1567 2
1237 1540 1279 1568 Et
1291 1542 1323 1568 in
1336 1540 1457 1577 templo.
1475 1556 1513 1559 —

182 1576 233 1613 3a,
255 1576 273 1605 2
294 1577 408 1606 Summi
432 1578 519 1614 regis.
550 1592 585 1596 —
614 1575 665 1611 312,
687 1576 707 1605 4
725 1579 803 1606 Nam
823 1581 951 1607 aeterne.
976 1594 1015 1598 —
1041 1579 1168 1608 Schema
1187 1580 1239 1608 der
1259 1579 1395 1616 Sequenz
1416 1580 1511 1607 wahr-

183 1617 361 1645 scheinlich:
391 1617 554 1644 Verbum
580 1617 713 1644 bonum
742 1618 798 1644 mit
822 1618 995 1654 Repetition
1021 1619 1072 1646 der
1097 1619 1208 1646 letzten
1233 1618 1371 1646 Melodie.
1392 1634 1430 1638 —
1451 1619 1514 1646 Das

182 1656 393 1687 Akrostichon,
413 1655 540 1682 welches
561 1656 593 1682 in
616 1655 668 1683 der
682 1655 732 1683 Hs*
760 1656 957 1684 stellenweise
977 1659 1103 1685 zerstort
1122 1656 1169 1690 ist,
1190 1660 1284 1685 neunt
1298 1666 1354 1685 uns
1369 1657 1427 1685 den
1443 1658 1514 1685 Ver-

183 1695 289 1722 fasser:
306 1695 458 1730 „Frater
478 1690 545 1721 Ioh
555 1702 672 1722 annes
691 1694 732 1722 de
744 1695 887 1729 Parma,
911 1693 1111 1732 magister“
1145 1696 1190 1724 Es
1207 1696 1275 1724 sind
1288 1696 1374 1723 nicht
1384 1697 1517 1733 weniger

184 1733 229 1761 als
255 1731 273 1761 8
294 1734 442 1761 Iohannes
470 1733 504 1760 de
525 1733 635 1760 Parma
659 1733 801 1761 bekannt.
842 1732 940 1763 Unser
959 1735 1100 1768 Dichter,
1127 1735 1179 1763 der
1200 1735 1265 1763 sich
1287 1735 1450 1763 obendrein
1472 1735 1516 1763 als

185 1769 362 1808 „magister“
393 1771 579 1806 bezeichnet,
607 1772 703 1800 diirfte
728 1772 882 1801 vielleicht
906 1774 957 1802 der
986 1771 1059 1802 1289
1085 1775 1263 1810 gestorbene
1280 1774 1516 1802 Franziskaner-

186 1811 315 1839 General
334 1808 484 1839 Iohannes
504 1811 622 1838 Busalli
643 1812 716 1839 sein.

656 1913 713 1946 119.
743 1914 788 1946 De
808 1916 921 1946 saneta
941 1915 1041 1946 Anna.

618 1987 649 2020 1.
677 1983 764 2026 Iesu,
792 1986 955 2018 caelorum

676 2034 772 2075 regis,
800 2043 909 2066 omnes

675 2082 846 2115 laudemus
872 2083 978 2115 aviam

677 2131 802 2163 devotis
828 2131 1035 2173 carminibuS‚

677 2179 816 2221 Annam,

194 2260 255 2292 2a.
284 2254 380 2291 Omni
403 2256 502 2288 laude
529 2256 668 2299 dignam,
891 2258 951 2291 2b.
978 2255 1086 2300 Anna,
1115 2259 1213 2300 digna
1238 2260 1351 2300 stirpe,

283 2314 366 2347 quae
388 2313 452 2337 non
478 2304 656 2337 subiectam
979 2306 1108 2339 suboles
1133 2307 1251 2348 nitens,

283 2353 450 2396 originalis
477 2353 591 2393 culpae
615 2361 728 2394 naevo,
978 2355 1164 2388 veneranda
1189 2357 1301 2396 ludae,
1328 2359 1450 2391 nostris

284 2413 410 2444 puram,
425 2402 660 2435 sanctissimam
674 2403 824 2444 concepit
978 2403 1091 2436 adesto
1117 2405 1268 2446 precibus
1293 2406 1424 2450 iugiter,

282 2452 475 2493 peperitque
499 2451 650 2484 Mariam.
978 2452 1095 2493 quibus
1120 2456 1153 2486 te
1178 2463 1380 2492 veneramur.
