1656 2690
689 155 729 161 -
789 135 955 171 200-—

165 234 183 266 7
199 243 229 267 a.
256 233 354 266 Cuius
379 233 470 273 signo
494 232 611 264 tumuli
861 234 920 267 7b.
946 233 1018 265 Rex
1043 242 1154 274 regum
1181 230 1349 273 mirabilis,

253 281 376 321 Liquor
400 280 504 312 stillat
528 279 601 320 olei,
947 281 1037 313 Fove
1062 290 1120 314 nos
1145 279 1306 321 suffragiis

254 329 321 368 Quo
347 331 503 360 sanantur
525 328 670 368 languidi
946 328 1051 361 Huius
1077 328 1178 361 mirae
1202 326 1336 368 virginis

252 376 339 408 Huic
362 376 584 417 supplicantes
611 376 739 416 virgini.
946 376 1024 409 Tuis
1052 376 1143 409 donis
1170 374 1326 408 mirificis.

232 442 318 469 Miss.
331 449 386 468 ms.
396 442 518 478 Hospit.
533 440 564 469 S.
574 441 734 469 Elisabeth
745 449 822 469 saec.
834 440 880 469 14.
897 441 966 469 eod.
979 442 1147 470 Cathetlral.
1160 442 1336 477 Zagrabien.
1346 439 1490 467 XXVIII-

155 478 182 506 5.
197 477 263 507 314.
277 494 315 498 —-
338 478 352 507 1
362 479 390 513 b,
404 478 419 507 1
442 480 692 508 Commentantes.
713 493 753 498 ——
771 477 825 513 3a,
841 479 859 507 2
873 481 926 508 sed
939 481 1061 508 invicta.
1082 495 1121 500 —-
1142 478 1193 514 3a,
1207 478 1226 508 3
1238 480 1343 508 Manet
1355 478 1438 506 fehlt.
1452 493 1492 497 —

155 515 207 562 3b3
231 516 256 563 1
276 518 434 555 exquisita.
462 533 497 538 -
526 515 577 553 31),
599 516 618 545 2
637 519 734 546 Rotae
753 518 857 546 ferrae.
886 533 924 538 —
949 516 1002 552 42,
1024 517 1042 545 2
1062 519 1238 555 1mperatur.
1265 534 1305 538 -
1331 515 1382 551 6a,
1404 514 1422 545 3
1443 517 1489 545 Ab

157 565 282 585 eximus.

580 641 646 673 228.
678 641 722 673 De
742 641 855 672 sancta
876 639 1069 672 Katharina.

165 703 183 735 1
199 712 228 736 a.
253 703 327 735 lesu
352 702 422 742 regi
861 702 922 736 11).
951 701 1043 734 Haec
1068 702 1170 744 regali

302 750 451 783 caelestis
478 750 567 783 curia
996 754 1068 783 orta
1093 751 1247 793 progenie

251 799 361 831 Novas
388 801 497 831 cantat
947 798 1068 839 Regem
1094 799 1222 839 quaerit

300 847 414 879 laudes
435 847 469 879 in
494 846 599 888 gloria
995 847 1028 878 in
1056 847 1148 889 regni
1171 847 1310 880 culmine

254 895 463 927 Katharinae
949 894 1018 927 Sibi
1042 904 1205 935 sponsum,

304 944 382 975 data,
406 943 543 975 victoria
994 945 1031 975 ut
1055 943 1122 975 eius
1147 941 1277 975 flamine

253 991 305 1023 De
329 994 477 1034 tyranno,
947 990 1075 1031 Vincat,
1103 999 1242 1029 sponsus

306 1043 336 1071 et
362 1047 448 1070 nunc
474 1038 610 1070 ecelesia
997 1038 1056 1070 tali
1083 1038 1260 1070 certamine

353 1085 555 1119 Gratulatur.
1045 1086 1246 1119 Delectatur.

165 1155 226 1188 2a.
252 1152 413 1186 Eruditur
868 1153 927 1187 2b.
954 1152 1050 1185 Hanc
1076 1156 1213 1186 exornat

301 1202 361 1235 sub
385 1202 478 1234 annis
503 1201 638 1244 teneris,
998 1201 1118 1234 decora
1142 1200 1244 1234 facies

252 1250 363 1282 Mores
391 1250 480 1290 capit
949 1249 1019 1282 Nec
1045 1259 1108 1282 non
1134 1253 1204 1283 tota

304 1298 399 1330 simul
425 1308 497 1331 cum
524 1297 629 1330 literis
1000 1298 1144 1338 corporis
1170 1299 1307 1339 species,

252 1346 297 1378 Et
324 1347 492 1379 doctorum
948 1346 993 1379 Et
1017 1347 1173 1379 virtutum

303 1394 405 1434 surgit
430 1395 465 1426 in
490 1394 634 1426 numeris
998 1395 1095 1426 simul
1121 1395 1287 1436 congeries

254 1443 306 1474 Ac
330 1451 440 1475 amore
949 1442 1023 1475 Huc
1048 1443 1186 1486 accedit,

305 1490 407 1524 divini
432 1490 574 1523 muneris
998 1492 1081 1524 haec
1105 1491 1151 1524 eis
1177 1492 1305 1533 requies

351 1539 443 1571 Haec
466 1538 610 1573 fulcitur.
1045 1539 1225 1574 Invenitur.

168 1609 230 1641 3a.
257 1607 328 1640 Rex
353 1606 460 1639 libans
486 1607 548 1639 diis
864 1608 927 1642 3b.
955 1608 1173 1649 Syllogizatur

303 1656 388 1688 hanc
413 1655 603 1697 admiratur,
997 1656 1078 1688 haec
1104 1655 1313 1700 confidenter,

259 1705 348 1744 Quae
373 1704 422 1735 sic
446 1704 591 1744 prudens
616 1707 668 1736 ter
948 1705 1205 1745 Argumentatur

302 1753 337 1785 id
365 1752 564 1793 detestatum
997 1753 1046 1785 sic
1071 1753 1246 1798 sapienter,

256 1800 298 1833 Se
324 1800 548 1834 conclusurum
951 1801 1043 1841 Quod
1070 1802 1104 1834 hi
1130 1811 1189 1842 pro
1217 1803 1346 1835 Christo

302 1850 393 1881 illam
417 1849 560 1881 minatur
998 1850 1106 1891 ignem
1131 1851 1286 1883 ardenter

256 1897 528 1937 Philosophorum
949 1897 1088 1941 Ferunt,
1114 1902 1287 1931 servantur

305 1954 377 1988 ope,
404 1946 462 1977 sed
490 1946 586 1977 datur
1000 1949 1106 1978 vestes
1131 1949 1292 1989 potenter,

354 1993 466 2025 Virtus
493 1992 624 2026 blanda.
1050 1994 1116 2027 Res
1142 1995 1300 2028 miranda.

168 2061 230 2094 4a.
257 2059 390 2100 Spernit
414 2069 503 2100 opes,
864 2060 924 2095 4b.
950 2060 1046 2093 Iussu
1073 2062 1158 2104 regis

306 2108 448 2140 blandiri
473 2117 536 2140 non
562 2111 664 2150 curat,
1001 2114 1115 2143 sancta
1139 2112 1353 2152 compeditur,

258 2155 374 2189 Oblato
400 2158 529 2195 sceptro
951 2157 1003 2189 Ne
1028 2167 1136 2192 eseam
1159 2163 1277 2202 sumat,

306 2211 399 2235 aures
425 2203 573 2243 obturat3
999 2206 1081 2239 haec
1105 2209 1296 2249 custoditur,

256 2252 329 2285 Rex
353 2249 485 2292 flagella
954 2252 1058 2287 Certis
1085 2255 1198 2288 diebus

303 2299 427 2333 inferre
445 2302 597 2339 maturat,
999 2303 1058 2335 sed
1085 2307 1117 2335 et
1141 2303 1279 2344 largitur

258 2349 324 2382 Sed
349 2348 491 2390 prudens
516 2349 607 2388 virgo
955 2349 1071 2382 Cibum
1097 2351 1257 2391 columba,

310 2399 495 2430 constanter
522 2397 618 2429 durat
1003 2407 1042 2429 ex
1068 2408 1129 2438 quo
1155 2399 1298 2433 nutritur

355 2444 426 2477 Nec
449 2448 602 2479 mutatur.
1049 2445 1095 2478 Et
1118 2444 1276 2484 firmatur.
