1656 2690
594 248 621 280 7.
651 247 686 281 In
706 248 883 281 Nativitate
904 249 1037 283 Domini.

637 332 669 364 1.
699 330 854 364 Cunctum
882 332 992 365 orbem

154 406 214 438 Za.
242 406 458 439 Aeternitatis
483 407 539 440 lux
566 407 664 441 hodie
854 409 915 444 ab.
942 409 1035 443 Novo
1061 410 1236 450 splendore
1261 410 1414 445 radiavit.

154 483 217 516 3a.
246 482 405 527 Christus,
435 494 529 518 verus
557 485 598 519 de
623 487 745 519 lumine
855 487 914 520 3b.
942 487 1032 521 Deus
1060 490 1092 518 et
1119 488 1214 520 homo
1239 490 1334 520 natus
1361 492 1410 520 est

152 565 217 597 4a.
243 563 290 595 Et
312 563 434 596 mundo
853 564 915 600 4¹0.
942 564 1023 599 Cum
1046 567 1142 606 patre

241 611 381 645 visibilis
408 610 513 644 factus
540 614 599 653 est,
940 621 1069 653 semper
1093 621 1238 654 manens,
1266 614 1352 653 quod
1378 617 1458 647 erat.

153 693 213 724 5a.
240 691 307 723 Iam
334 698 421 722 nunc
447 699 522 730 ergo
851 689 910 724 5b.
938 690 1002 722 Per
1027 698 1120 730 quem
1147 698 1256 723 omnes

240 738 380 771 natalem
405 738 508 778 ipsius
531 738 673 770 iucundo
939 739 987 781 (a)
1015 738 1121 770 vinclo
1147 738 1245 770 soluti
1269 740 1413 771 tartareo

239 786 441 819 celebremus
463 785 583 828 animo,
938 786 1067 819 laudem
1095 787 1206 819 demus
1231 786 1381 819 Domino.

153 866 213 898 Ga.
242 864 268 898 O
294 862 380 896 bone
401 862 477 896 Iesu
850 863 909 897 6b.
936 863 1075 897 Nostras
1102 864 1217 904 excipe

237 912 386 952 Domine,
413 911 553 945 natalem
579 911 678 944 hodie
937 921 1032 945 voces
1058 921 1097 945 ac
1121 913 1261 954 benigne
1286 913 1394 945 tribue

237 962 301 994 iam
326 964 416 993 tuum
443 959 562 993 festiva
939 961 1069 994 famulis
1095 970 1167 994 cum
1187 961 1307 994 sanctis

239 1018 309 1042 cum
333 1009 431 1042 laude
457 1009 608 1051 colimus3
938 1011 1082 1052 gaudere
1106 1011 1240 1052 angelis.

151 1089 209 1122 7a.
238 1087 355 1128 Spreta
381 1095 506 1128 quoque
531 1090 650 1130 terrea,
855 1087 913 1121 7b.
940 1088 1113 1121 Beatorum
1137 1089 1280 1129 praemia

237 1135 345 1168 omnia
371 1135 499 1168 devicta
524 1134 694 1168 mortifera
942 1136 1159 1177 percipiamus
1185 1145 1245 1177 per
1270 1137 1378 1169 omnia

719 1214 750 1247 8.
777 1212 925 1247 Saecula.

218 1290 306 1318 Grad.
336 1299 389 1318 ms.
411 1288 441 1317 S.
462 1290 620 1318 Laurentii
645 1291 677 1317 in
697 1289 817 1318 Verano
842 1288 884 1326 (Ρ)
914 1298 990 1319 saec.
1015 1289 1059 1318 11.
1104 1290 1174 1319 Cod.
1195 1291 1322 1319 Roman.
1343 1291 1480 1327 Angelic.

140 1327 195 1358 123
209 1329 218 1361 (
223 1330 244 1357 Β
258 1329 305 1358 ΠΙ
322 1327 376 1364 18).
397 1344 436 1348 -
458 1327 508 1362 210,
526 1327 540 1356 1
564 1328 705 1365 splendor
725 1328 890 1357 irradiavit.
934 1330 993 1358 Dic
1006 1329 1177 1365 Konjektur
1192 1331 1295 1366 „Novo
1317 1330 1476 1367 splendore

138 1367 280 1397 irradiat“
304 1368 378 1405 liegt
398 1368 484 1400 nahe,
507 1368 578 1396 aber
598 1376 631 1395 so
660 1368 784 1396 antsteht
804 1370 853 1396 ein
867 1368 987 1397 Hiatus.
1008 1383 1048 1388 —
1067 1367 1120 1403 421,
1139 1368 1153 1397 1
1174 1369 1312 1397 mundus.
1333 1383 1371 1388 —-
1392 1368 1443 1404 521,
1462 1366 1480 1397 3

138 1408 312 1436 celebretur.
333 1423 372 1427 -
402 1405 454 1443 5b,
475 1404 494 1435 2
515 1407 553 1434 ad
573 1407 673 1435 vinclo
695 1407 831 1435 salutem.
858 1422 898 1426 -
926 1405 977 1441 6a,
999 1405 1017 1435 3
1037 1408 1160 1444 festivo;
1186 1408 1341 1436 vielleicht
1360 1408 1479 1436 Adverb

137 1446 199 1474 und
218 1446 347 1483 richtig‘?
369 1460 406 1465 --
427 1443 480 1481 61),
495 1443 514 1472 2
533 1445 643 1474 venida
662 1447 800 1483 benigne.
820 1461 860 1466 —
879 1443 931 1481 eb,
953 1445 973 1475 4
992 1446 1146 1483 gaudebis.

581 1540 609 1572 8.
638 1541 675 1573 In
695 1539 876 1573 Nativitate
897 1539 1030 1572 Domini.

550 1613 583 1649 1.
611 1613 775 1646 Christum
801 1615 912 1646 natum
937 1621 1021 1646 nova

613 1663 837 1695 demonstrant
860 1661 980 1694 sidera.

147 1732 210 1764 2a.
238 1731 391 1763 Pastores
415 1739 526 1763 sacras
846 1729 906 1763 2b.
933 1730 1053 1763 Curam
1078 1731 1299 1770 praetendunt

237 1779 389 1812 excolunt
416 1778 554 1820 vigilias,
932 1787 990 1811 suo
1015 1779 1106 1820 gregi
1133 1778 1288 1813 debitam.

145 1850 205 1882 3a.
232 1848 312 1881 Ideo
336 1846 430 1880 fulsit
845 1845 906 1881 3b.
932 1847 1055 1888 Magno
1080 1847 1197 1880 timore

231 1897 287 1930 lux
314 1897 359 1929 eis
386 1896 485 1929 rutila
932 1896 1114 1937 percellens
1140 1900 1286 1938 pectora.

144 1969 206 2001 4a.
232 1966 317 2006 Quos
344 1965 423 1999 civis
450 1964 637 2006 adloquitur
844 1963 905 1999 4b.
931 1964 982 1998 Ne
1008 1968 1135 2007 pavete,
1161 1966 1322 2007 inquiens,

233 2023 312 2048 voce
337 2023 497 2056 supernus
523 2013 670 2055 placida:
932 2022 1018 2057 ecce,
1046 2018 1160 2047 assunt
1184 2015 1341 2057 remedia,

143 2086 162 2118 5
178 2094 207 2117 a.
236 2085 325 2125 Quae
350 2085 482 2117 cunctos
507 2082 646 2125 populos
671 2083 774 2115 laetos
843 2083 902 2117 5b.
930 2082 1012 2124 Quia
1035 2083 1197 2124 processit
1223 2084 1371 2118 omnibus

236 2132 381 2168 reddant
403 2132 567 2165 nascentis
593 2132 717 2174 gratia3
930 2133 1018 2165 salus
1046 2136 1079 2165 et
1102 2133 1191 2166 vitae
1216 2133 1347 2175 gandia.

142 2203 204 2237 6a.
230 2201 407 2236 Invenietis
434 2203 598 2243 regentem
842 2201 901 2235 ob.
931 2202 994 2234 Pro
1020 2202 1126 2234 salute
1151 2203 1335 2243 vagientem

232 2250 402 2292 pulchram
426 2250 538 2283 mundi
564 2250 757 2292 machinam,
930 2252 1043 2283 nostra
1067 2251 1154 2283 inter
1180 2251 1323 2285 volucra.

140 2320 158 2353 ¹?
172 2330 203 2354 a.
228 2320 309 2354 Mox
334 2319 485 2353 caelestis
509 2318 683 2351 multitudo
843 2319 905 2352 7b.
930 2319 977 2352 Et
1000 2319 1036 2352 in
1061 2322 1162 2362 terra,
1184 2320 1363 2353 voluntatis

227 2369 403 2411 adplaudit
428 2370 644 2402 consonanter
931 2378 996 2410 pax
1023 2377 1102 2411 quos
1131 2369 1274 2413 decorat,
1300 2378 1413 2410 prose-

273 2417 434 2453 iubilans:
981 2421 1099 2458 quatur
1125 2421 1159 2450 et

230 2467 269 2499 In
294 2467 431 2500 excelsis
458 2466 563 2508 gloria
933 2467 1103 2500 comitetur
1128 2467 1268 2501 bonitas,

1255 2522 1298 2553 2*
