1656 2690
721 126 983 162 —267—

191 220 253 255 6a.
281 220 319 253 In
344 222 538 263 accipiendo
894 226 953 259 61).
981 225 1017 258 In
1045 225 1235 266 accipiendo

276 269 384 309 ipsam
410 271 527 303 stolam
552 271 676 312 gloriae
981 277 1087 306 autem
1114 276 1224 314 partes
1251 274 1292 306 de
1317 281 1414 305 manu

280 319 313 349 et
337 319 451 352 vestiri
981 322 1187 354 sacerdotum

280 375 349 398 cum
378 368 653 400 consummatione
983 373 1015 402 et
1038 371 1110 411 ipse
1135 373 1224 402 stans
1250 370 1342 402 iuxta

278 414 410 448 virtutis
982 427 1071 451 aram
1098 422 1129 450 et

280 492 319 525 In
345 502 484 526 ascensu
509 494 624 527 altaris
983 496 1070 528 cirea
1096 505 1168 528 eum
1195 505 1314 528 corona

281 541 387 574 sancti
413 542 550 583 gloriam
981 544 1145 577 fructuum
1157 554 1164 586 ;
1193 545 1284 584 quasi

279 590 463 623 sanctitatis
980 593 1141 632 plantatio

281 639 374 672 dedit
398 639 563 674 amictum.
983 640 1074 674 cedri
1098 641 1132 673 in
1157 643 1266 673 monte

596 718 626 750 7.
652 717 782 757 Libani,
808 716 856 749 sic
882 718 970 750 circa
994 718 1087 750 illum

655 768 818 798 steterunt
844 768 875 797 et
902 774 1013 798 omnes

655 813 715 846 filii
742 814 810 846 eius

653 862 687 894 in
714 862 818 903 gloria
844 871 913 895 sua.

259 939 344 967 Miss.
365 947 420 966 ms.
446 939 630 967 Pataviense
650 947 727 966 saec.
753 936 798 966 14.
843 938 913 966 Ood.
935 939 1116 967 Zwethalen.
1139 937 1204 967 229.
1227 940 1292 967 add,
1315 947 1383 968 saec
1416 937 1461 967 15.
1490 954 1525 959 —1

182 975 236 1012 210,
257 975 277 1005 2
298 978 457 1005 emanavit.
487 992 523 997 —
551 977 637 1005 Naoh
657 975 710 1013 4a,
732 974 752 1004 4
777 977 856 1005 noch
874 977 1068 1015 fiberzahlig:
1093 979 1137 1006 sic
1157 978 1211 1006 ille
1231 978 1343 1006 effulsit
1363 980 1395 1006 in
1414 979 1528 1015 'templo

185 1016 257 1052 Dei3
278 1016 338 1053 vgl.
360 1015 414 1049 4b,
437 1013 455 1044 3
476 1024 519 1052 sq.
545 1031 584 1034 —
607 1014 664 1050 410,
685 1013 704 1043 3
725 1015 778 1043 ille
799 1015 924 1044 refulsit.
947 1031 982 1036 —
1006 1014 1056 1050 6a,
1079 1014 1096 1043 6
1116 1016 1253 1052 Initiale3
1278 1015 1331 1050 6b,
1355 1015 1372 1045 6
1394 1017 1528 1054 dagegen

184 1055 284 1083 keine¹
304 1071 343 1075 —
364 1053 419 1089 612,
442 1054 459 1082 7
481 1054 576 1089 Quasi
597 1055 722 1091 beginnt
741 1055 797 1082 mit
815 1063 908 1083 neuer
921 1055 1045 1083 Initiale
1065 1055 1124 1082 und
1146 1056 1223 1083 1511st
1242 1056 1289 1084 bis
1304 1055 1433 1084 Schlul's.
1470 1057 1529 1084 Die

185 1092 456 1130 Silbengleichheit
476 1094 528 1122 der
547 1094 695 1122 Klauseln
716 1095 757 1121 ist
775 1093 906 1122 vielfach
927 1093 1010 1122 nieht
1029 1094 1218 1122 beobachtet.

620 1196 690 1229 308.
721 1196 764 1229 De
785 1197 897 1228 sancta
917 1196 1091 1229 Theodora.

193 1269 253 1303 la.
281 1268 430 1302 Romana
454 1269 636 1310 propagine
899 1269 958 1302 lb.
986 1268 1133 1301 Dilectus
1159 1270 1346 1311 gentilibus,

283 1317 333 1350 Re
359 1317 511 1351 Clemens
538 1321 571 1349 et
593 1318 725 1350 nomine
986 1317 1118 1350 Iudaeis
1142 1317 1296 1351 fidelibus

282 1366 395 1398 Terris
423 1366 512 1398 claro
538 1365 659 1398 lumine
987 1365 1229 1400 condescendit
1253 1367 1401 1400 omnibus

331 1414 426 1447 Nitet
452 1415 554 1457 caelo,
1037 1413 1160 1448 Christi
1186 1415 1267 1448 zelo.

190 1495 251 1528 2a.
279 1492 454 1526 Theodora
479 1494 649 1526 stemmate
899 1492 960 1526 ab.
986 1491 1144 1532 Sponsam
1173 1501 1310 1532 sponsus
1336 1493 1483 1534 sequitur

282 1541 415 1574 Pollens
441 1541 510 1574 eius
537 1541 688 1583 dogmate
987 1540 1034 1573 Et
1058 1539 1208 1574 Clemens
1233 1541 1414 1584 impetitur⁷

287 1589 418 1623 Gaudet
442 1590 477 1622 in
504 1589 702 1630 baptismate
989 1589 1095 1622 Trans
1120 1592 1252 1629 pontum
1281 1590 1500 1632 proscribitur

336 1639 510 1671 Renovari.
1035 1637 1198 1680 Relegari.

198 1719 258 1751 3a.
286 1715 352 1749 Hic
378 1718 470 1750 exsul
495 1725 515 1750 a
543 1717 675 1750 consule
902 1715 961 1751 3b,
988 1715 1064 1755 Ipso
1089 1716 1231 1756 gaudent
1255 1715 1357 1748 imbui

282 1765 384 1798 Fines
405 1765 509 1800 intrat
533 1765 662 1798 insulae
989 1763 1115 1805 Cuncti,
1143 1773 1216 1797 cum
1241 1764 1418 1805 promiscui

284 1814 386 1847 Coetu
411 1814 526 1855 plenos
554 1814 666 1847 exsule
990 1812 1093 1845 Sexus
1120 1821 1234 1854 aegros
1260 1813 1359 1846 statui

331 1862 529 1897 Christiano.
1036 1861 1168 1894 Reddat
1193 1870 1283 1895 sano.

188 1944 210 1977 4
228 1952 258 1977 a.
283 1942 338 1975 Ad
366 1942 441 1983 agni
467 1941 639 1983 vestigium
901 1940 961 1974 4b.
988 1940 1155 1973 Idolorum
1181 1948 1319 1980 corpora

281 1991 335 2023 Ab
362 1991 492 2024 excelso
517 1991 674 2023 montium
988 1989 1075 2022 Dum
1100 1987 1234 2033 frangis,
1259 1989 1293 2021 in
1319 1997 1462 2030 aequora

286 2039 404 2073 Manat
428 2040 518 2073 rivus
543 2038 682 2072 fontium
988 2038 1035 2070 Te
1060 2038 1162 2070 iactat
1187 2046 1259 2069 cum
1285 2046 1405 2071 ancora

334 2091 400 2123 Per
424 2092 466 2134 te,
495 2088 656 2122 Clemens.
1038 2086 1142 2120 Iudex
1167 2087 1309 2121 demens,

220 2179 250 2203 a.
281 2168 432 2202 Siccatur
457 2167 501 2200 ad
525 2166 666 2207 spatium
903 2165 962 2199 5b.
990 2165 1091 2208 Rogo,
1119 2167 1169 2197 tot
1193 2164 1359 2197 miraculis

279 2218 395 2250 Trium
422 2215 601 2249 miliarium
990 2213 1130 2255 Insignis
1155 2217 1189 2246 et
1212 2213 1328 2254 titulis,

278 2267 376 2300 Mare
402 2274 464 2306 per
487 2263 695 2306 septendium
991 2262 1052 2295 His
1078 2262 1214 2296 subveni
1239 2262 1378 2296 servulis

327 2316 399 2351 Tua
427 2323 516 2349 nece.
1037 2312 1109 2344 'Iua
1132 2320 1242 2354 prece.

258 2392 398 2429 sequent.
427 2394 458 2420 et
484 2392 566 2429 hym.
598 2390 727 2419 Carmeli
759 2389 866 2418 Senen.
896 2398 973 2418 saee-
1001 2387 1045 2417 14.
1090 2388 1161 2416 Ood.
1184 2387 1292 2417 Senen.
1315 2387 1341 2416 G
1360 2388 1408 2416 ΙΙΙ
1428 2384 1455 2414 2.
1486 2402 1525 2406 -

179 2432 266 2461 Mel.:
287 2432 405 2459 Mariae
426 2432 597 2468 praeconio.
625 2445 664 2449 —
692 2430 755 2458 Der
774 2428 877 2457 Inhalt
902 2429 955 2456 der
976 2427 1112 2464 Sequen½
1140 2427 1230 2456 riickt
1253 2428 1310 2455 den
1332 2427 1373 2454 hl.
1396 2426 1533 2454 Clemens

181 2474 214 2499 in
236 2471 293 2499 den
314 2470 540 2506 vordergrund.
