1656 2690
690 142 856 178 -201
912 163 954 168 —

154 237 214 268 5a.
241 235 370 268 Adnuit
394 239 501 270 custos
855 239 915 274 5b.
943 239 1008 273 Hie
1032 241 1089 273 lux
1112 240 1148 272 in
1173 241 1268 273 nocte

293 293 426 318 munere
452 285 578 328 ductus,
992 287 1096 330 fulget
1122 288 1282 329 caelestis,

245 333 351 365 Nocte
375 334 554 375 Porphyri—
944 336 1033 370 Odor
1058 336 1168 369 suavis

291 391 330 414 us
356 384 405 414 est
429 383 582 415 inductus
992 386 1096 425 spirat
1121 385 1288 425 modestis,

244 429 292 462 Et
314 430 401 472 regis
426 440 520 473 uxor,
945 434 1092 467 Credunt
1116 435 1149 465 et
1173 433 1316 475 gaudent

294 479 342 510 sie
368 478 471 512 omnis
497 480 602 512 luctus
991 481 1094 522 pulsis
1121 481 1268 522 funestis,

249 526 371 567 Cessat,
398 527 554 569 propinat
946 528 1024 563 Cum
1052 529 1102 561 his
1130 529 1271 569 ducenti,

294 575 376 608 haee
403 576 493 618 virgo
520 576 656 617 fructuS,
993 579 1048 618 qui
1072 586 1143 610 oum
1169 578 1313 610 honestis

343 625 428 665 Quos
454 625 626 658 mirantur¹
1041 625 1258 666 Deputantur.

158 683 221 715 δα.
249 682 319 714 Iam
342 682 487 722 impletis
856 683 917 717 fib.
943 683 1075 717 Gaudet
1098 686 1221 722 sancta,

294 730 345 762 bis
374 730 487 762 diebus
513 731 599 763 senis
992 740 1051 763 rex
1078 734 1127 763 est
1150 731 1185 763 in
1210 730 1331 771 furore,

246 779 290 811 Se
315 779 432 811 adesse
944 778 1130 811 Katharina

291 826 455 866 promittit
478 826 513 858 in
538 825 652 867 poenis
992 830 1137 859 rotarum
1163 826 1306 859 stridore

245 875 347 915 Iesus,
375 874 455 907 locis
945 874 1019 907 Non
1045 878 1197 919 terretur,

293 926 369 963 post
393 923 522 955 scandit
547 922 702 966 amoenis,
994 923 1126 964 angelus
1153 921 1283 964 fragore

246 971 347 1005 Videt
373 971 463 1013 virgo
944 971 1083 1012 Frangit
1107 974 1205 1015 rotas⁷

294 1019 397 1052 oculis
423 1021 547 1053 serenis
993 1019 1105 1061 perdit
1129 1021 1163 1052 in
1188 1023 1317 1052 terrore

341 1068 594 1101 Ascendentem.
1042 1068 1182 1101 Pravam
1208 1070 1346 1109 gentem.

158 1127 219 1159 Va.
245 1126 366 1166 Regem
393 1135 476 1159 uxor
860 1126 918 1161 7b.
945 1126 1071 1159 Reddit
1096 1135 1188 1158 arma

293 1175 363 1207 viso
388 1174 539 1216 prodigio
993 1175 1064 1215 regi
1090 1173 1291 1215 Porphyrius

244 1223 446 1264 Detestatur‚
945 1223 991 1256 Et
1017 1223 1145 1255 ducenti

293 1280 353 1304 rex
380 1280 453 1304 cum
475 1271 615 1313 suspirio
994 1274 1026 1303 et
1052 1271 1226 1314 copiosius,

243 1321 404 1353 Mammas
429 1320 502 1353 tolli
947 1320 993 1353 Ut
1017 1320 1228 1363 triumphent,

290 1368 383 1401 iubet
405 1369 576 1409 martyrio,
994 1377 1075 1408 quos
1100 1377 1159 1400 rex
1183 1368 1342 1401 maturius

244 1417 348 1450 Ferro
376 1421 484 1460 caput,
945 1415 1032 1448 Mori
1058 1416 1170 1457 iubet3

292 1465 341 1498 sio
364 1465 427 1499 Dei
452 1464 521 1499 filio
995 1465 1063 1497 vit-a
1087 1464 1122 1496 in
1147 1464 1262 1496 melius

342 1512 534 1555 copulatur.
1043 1513 1278 1547 commutatur.

156 1574 217 1607 Sa.
243 1573 305 1606 His
331 1573 446 1606 occisis
857 1573 918 1605 8b.
945 1572 1013 1604 Lac
1039 1574 1168 1604 emanat

293 1625 441 1654 sanctam
467 1621 625 1654 deoollari
995 1620 1123 1652 cervice
1147 1619 1308 1661 praecisa,

244 1670 341 1703 Iubet
364 1678 521 1710 nequam3
945 1670 1072 1709 Corpus
1098 1667 1204 1701 fertur

292 1719 385 1759 virgo
411 1717 567 1759 singulari
993 1717 1029 1749 in
1053 1717 1167 1749 tumba
1193 1716 1301 1748 excisa

245 1767 339 1800 Dono
365 1769 475 1808 potest
947 1765 1025 1798 Sina
1050 1768 1168 1806 monte,

296 1815 419 1848 cunctis
444 1815 645 1858 prosperari,
993 1814 1049 1846 hio
1074 1813 1219 1846 membra
1245 1813 1326 1846 elisa

246 1864 308 1898 Dei
333 1873 415 1898 voce
946 1863 1048 1896 Sanat
1072 1862 1189 1904 liquor,

294 1913 385 1946 illam
410 1912 608 1954 praestolari
995 1920 1095 1954 regna
1120 1913 1196 1944 sunt
1219 1910 1340 1952 gavisa,

344 1962 553 1996 Confitemur.
1045 1960 1267 1994 Gratulemur.

226 2020 314 2050 Grad.
335 2030 391 2048 ms.
410 2020 574 2049 Parmense
594 2027 670 2048 saec.
693 2017 768 2049 14l15.
805 2019 876 2047 Cod.
899 2018 997 2055 Capit.
1017 2018 1155 2046 Parmen.
1177 2025 1199 2045 s.
1221 2026 1250 2044 n.
1272 2031 1310 2035 —-
1331 2011 1384 2050 3a,
1399 2013 1417 2044 8
1438 2015 1491 2043 sed

144 2069 214 2088 non.
234 2076 271 2080 —
292 2056 345 2095 81),
368 2059 385 2087 ’ἵ
410 2059 507 2088 Sanat
525 2060 623 2088 lictor.

571 2144 641 2177 229.
673 2144 717 2176 De
740 2143 854 2176 saneta
876 2141 1066 2175 Katharina.

536 2218 568 2252 1.
594 2218 633 2251 In
660 2217 799 2250 Domino
823 2215 959 2258 gloriari

595 2267 692 2301 Claro
721 2266 815 2299 decet
837 2264 1017 2306 exemplari

643 2315 829 2349 Katharina
853 2314 1000 2356 praevia.

158 2377 219 2410 2a.
247 2375 322 2408 Non
348 2385 368 2408 a
393 2377 496 2407 semet
522 2373 741 2408 commendari
861 2373 920 2406 2b.
947 2371 1126 2413 Regalibus
1152 2369 1315 2404 natalibus

245 2423 315 2457 Deo
340 2427 426 2458 teste
450 2424 508 2457 sed
535 2422 670 2465 probari
951 2422 1031 2455 Orta
1055 2419 1128 2461 fuit,
1154 2420 1187 2452 in
1212 2418 1337 2452 artibus

297 2471 444 2507 Salubris
471 2475 521 2505 est
546 2472 659 2515 gloria.
997 2469 1180 2502 Abundans
1205 2467 1337 2511 peritia.
