1656 2690
700 133 938 168 —28-

562 233 592 265 6.
620 230 711 263 Haec
736 240 794 263 nos
819 232 932 262 sancta
955 230 1089 263 vulnera

668 279 814 319 Quinque
839 281 1015 311 memorata

620 327 793 360 Possidere
818 336 878 367 gau
883 326 936 358 dia

670 375 808 408 Faciant
832 375 937 406 beata.

233 464 317 491 Miss.
338 471 391 490 ms.
413 463 633 492 Sal-isberiense
653 470 730 490 saec.
754 459 798 489 15.
841 460 910 488 Cod.
930 460 1057 489 Londin.
1078 460 1179 497 Egeri.
1201 456 1285 487 2677.

522 584 572 616 20.
603 583 647 615 De
669 583 809 623 Quinque
833 582 1027 614 Vulneribus
1052 582 1107 614 DN.

163 669 181 702 1
197 678 226 703 a.
253 668 383 708 Cenam,
411 667 549 706 Christe,
577 664 760 706 celebrasti,

164 854 223 886 Za.

163 1038 220 1070 3a.

162 1220 222 1252 4a.

163 1405 223 1436 5a.

163 1587 222 1619 Ga.

164 1772 223 1803 7a.

154 1953 257 2011 garligtlss³
270 1945 311 1971 ist
324 1953 361 1971 zu
371 1944 563 1994 gerg-leichen
578 1943 627 1971 die
640 1942 792 1980 Sequenz:
820 1943 970 1979 „Cenam
985 1952 1061 1971 cum
1079 1942 1267 1979 discipuli

155 1992 192 2011 ce
218 1992 233 2011 e
264 1983 367 2011 rasti.

250 716 391 749 Mortem
416 719 504 748 tuam
528 714 693 757 nuntiasti,

251 764 385 804 Quando
420 763 541 804 pascha
565 762 785 802 manducast13

250 851 342 883 Tunc
367 851 540 890 procidens
562 849 649 881 humi
666 851 786 881 stratus

250 901 378 933 Patrem
404 899 542 940 supplex
568 906 602 929 es
623 901 786 937 precatus,

249 947 295 981 Ut
322 948 477 980 transiret
502 946 588 978 calix
616 946 725 978 durus.

248 1035 340 1067 Tunc
363 1034 505 1066 ministri
529 1034 703 1076 irruerunt,

252 1084 354 1123 Capto
381 1091 492 1115 manus
517 1082 709 1122 ligaverunt,

248 1131 332 1164 Mite
360 1133 457 1171 caput
481 1133 719 1170 percusserunt.

251 1217 409 1252 Liberare
433 1218 531 1250 iudex
556 1216 676 1260 volens,

251 1268 362 1307 Ipsum
387 1270 495 1299 tamen
521 1265 633 1305 vulgus
660 1266 785 1307 timens,

252 1315 485 1348 Condenmavit
510 1322 622 1345 manus
648 1313 771 1345 lavanS.

250 1402 784 1443 Sanctumcorpusprostravemnt,

249 1450 355 1483 Pedes
381 1453 414 1482 et
436 1458 548 1482 manus
574 1447 737 1489 foderunt,

253 1496 448 1531 Crucifixum
474 1500 657 1535 erexerunt,

251 1583 424 1618 Carnifices
450 1594 524 1617 mox
551 1584 685 1618 duorum

252 1637 354 1667 Crura
379 1631 565 1675 frangentes
590 1633 753 1666 latronum

252 1682 413 1715 Christum
428 1683 540 1715 vident
552 1682 615 1713 iam
627 1685 785 1714 necatum.

251 1771 314 1803 Per
339 1772 394 1802 tua
418 1770 557 1811 quinque
584 1769 716 1802 vulnera

252 1819 369 1851 Deleas
379 1821 498 1860 nostra,
507 1818 643 1859 Christe,
651 1819 786 1859 scelera,

857 663 915 699 lb.

855 848 916 882 2b.

856 1032 916 1066 3b.

854 1216 915 1249 lb.

856 1399 917 1434 5b.

858 1585 916 1618 61).

857 1769 915 1803 7b.

942 663 1081 697 Sceleris
1106 666 1251 696 autorem
1278 663 1362 696 tanti

942 713 1057 746 Iudam
1083 710 1183 744 osella
1208 711 1414 753 monstrasti3

944 762 1104 795 Olivetum
1129 760 1205 792 hinc
1228 760 1369 793 intrasti.

943 848 1041 881 Iudas
1066 849 1157 880 illum
1186 848 1290 880 sciens
1316 848 1431 886 Iocum,

942 896 1082 930 Turbam
1111 897 1230 929 ducens
1256 895 1444 937 pontificum

943 946 1060 979 Osculo
1086 945 1226 977 tradidit
1251 945 1427 978 Christum.

945 1032 1107 1067 Christum
1132 1031 1234 1072 spinis
1261 1033 1458 1063 coronarunt

944 1081 1156 1121 Purpuraque
1180 1080 1371 1117 vestierunt,

943 1129 998 1162 Sic
1022 1138 1081 1169 pro
1106 1137 1182 1169 rege
1209 1128 1402 1161 deriserunt.

944 1216 1091 1250 Christus
1119 1224 1245 1248 erucem
1274 1215 1443 1253 baiulavit,

943 1264 1051 1297 Iussus
1078 1263 1188 1296 Simon
1213 1263 1298 1296 hunc
1324 1264 1460 1303 adiuvit,

943 1312 1053 1345 Turba
1078 1321 1214 1353 sequens
1238 1313 1341 1345 multa
1365 1310 1465 1344 flevit.

944 1401 1035 1433 Inter
1061 1398 1149 1432 fures
1175 1401 1379 1440 statuerunt3

943 1449 1107 1488 Scriptum
1133 1450 1419 1489 superposuerunt,

945 1497 1037 1537 Quod
1051 1500 1163 1538 gentes
1178 1500 1312 1529 cunctae
1324 1497 1482 1537 legerunt.

946 1585 1052 1625 Quare
1076 1584 1169 1616 miles
1186 1584 1313 1617 hastam
1331 1584 1480 1625 sumpsit,

945 1633 1066 1667 Christi
1089 1633 1174 1665 latus
1199 1632 1391 1674 perforavit,

944 1682 1095 1722 Quintum
1110 1681 1225 1713 vulnus
1238 1685 1316 1714 tunc
1324 1681 1481 1721 patravit.

942 1769 988 1803 Ut
1014 1771 1089 1809 post
1115 1768 1197 1801 dura
1218 1769 1332 1802 mortis
1356 1769 1431 1801 iura

942 1818 1117 1851 Laetemur
1149 1817 1184 1849 in
1209 1818 1342 1851 caelesti
1366 1818 1483 1858 patria.

236 1906 320 1933 Mis-.
343 1904 507 1933 Rhemum&
527 1906 597 1941 imp.
618 1904 739 1933 Rhemis
762 1902 846 1932 1553.
873 1918 910 1922 —
929 1901 980 1939 4a,
1002 1902 1020 1931 2
1042 1904 1170 1931 tandem.
1191 1919 1228 1924 -·
1249 1905 1308 1933 Mit
1327 1905 1392 1932 dem
1415 1905 1487 1932 Ein-

428 1982 578 2018 (Kehrein‚
599 1982 650 2010 Nr.
672 1982 730 2018 57.)

1307 1943 1313 1979 Ι
1332 1944 1487 1972 Christe

535 2103 576 2135 21.
607 2104 652 2135 De
672 2104 836 2145 Sanguine
856 2103 979 2135 Domini
999 2103 1113 2135 Nostri.

695 2176 727 2208 1.
755 2174 944 2207 Gratuletur

166 2267 226 2299 2a.
254 2263 351 2296 Plebs
376 2262 483 2296 fidelis
508 2262 572 2294 iam
598 2262 632 2293 in
657 2271 734 2294 vero

255 2311 377 2347 Christi
401 2311 564 2353 sanguine,

255 2363 319 2395 Per
344 2369 438 2401 quem
464 2359 545 2392 caeli

253 2410 360 2452 patuit
386 2409 493 2444 aditus
517 2408 550 2440 in

257 2460 324 2492 eius
349 2457 511 2492 effusione.

860 2261 920 2294 2b.

948 2261 1084 2302 Sanguis
1110 2262 1196 2295 Abel
1223 2263 1340 2297 effusus
1365 2269 1415 2298 est

948 2310 988 2342 de
1013 2312 1102 2342 terra
1128 2311 1291 2356 clamans3

947 2358 1084 2399 Sanguis
1110 2359 1233 2392 Christi

947 2407 995 2439 nil
1018 2407 1161 2448 loquitur
1185 2407 1273 2442 aliud

948 2465 1043 2497 quam
1068 2455 1336 2493 misericordiam.
