1656 2690
657 103 899 138 „14-

156 222 162 228 .
184 218 186 222 ⁴
319 213 350 222 v
807 196 861 227 8b.
882 200 926 226 Ae
945 199 1052 227 simora

186 239 232 267 Ut
251 239 288 267 ad
307 241 394 268 tanta
413 242 468 266 etc.
879 239 1036 274 pervenire
1057 240 1113 266 etc.

190 287 213 316 C
238 288 322 315 zieht
346 285 469 314 60-71,
497 285 567 313 incl.
594 294 632 312 zu
658 286 739 313 einer
759 284 885 313 Klausel
910 294 1081 313 zusammen
1100 284 1162 312 und
1184 285 1268 313 stellt
1287 284 1331 312 &a
1347 283 1382 318 -Ι-
1400 285 1444 312 &b

113 328 157 355 als
178 326 336 362 paralleles
352 324 438 353 Glied
458 323 635 361 gegeniiber.
673 322 849 360 Abgesehen
868 333 929 352 von
942 324 1080 352 auderem
1094 323 1173 352 lehrt
1185 323 1234 351 die
1246 323 1379 352 Melodie
1392 323 1446 351 das

111 364 259 402 Richtige.
282 379 318 383 —
337 361 389 397 812,
410 360 428 391 3
448 365 536 400 rogat
553 362 603 391 AAE

110 200 153 230 82

563 446 591 476 2.
622 446 667 478 Dc
690 444 837 477 Adventu
856 445 990 478 Domini.

542 509 574 542 1.
600 508 698 549 Ecce,
724 507 789 540 iam
817 507 976 548 Christus,

119 579 182 610 2a.
213 576 313 615 Quem
341 576 446 608 sancti
470 579 581 618 patres
821 575 880 610 212.
908 575 1005 608 Suam
1030 585 1090 607 nos
1116 576 1222 608 salvet

209 623 752 667 prophetaverunt,adveniinobis,
905 632 967 664 per
990 624 1196 656 nativitatem
1223 624 1409 664 gloriosam.

121 685 182 717 3a.
211 682 269 714 Oui
293 691 403 715 omnes
429 685 618 715 occurentes
819 682 878 716 3b.
906 681 978 714 Rex
997 681 1137 721 Christe,
1159 681 1248 714 Deus
1266 681 1443 724 Abraham,

211 731 400 763 clamemus:
428 730 527 764 Salva
550 739 620 773 nOS,
647 731 746 773 DeuS,
906 729 996 763 Deus
1020 730 1125 771 Isaac,
1151 730 1241 762 Deus
1269 729 1379 770 Iacob,

207 787 268 811 rex
295 779 418 820 Israe13
902 778 1058 811 miserere
1084 776 1220 823 (nobis),

118 839 179 870 42..
207 836 289 875 Quia
312 839 348 869 tu
374 845 407 868 es
433 837 578 869 salvator
602 839 635 869 et
815 837 875 870 4b.
905 835 964 869 Cui
990 836 1094 869 honor
1121 838 1154 867 et
1176 836 1282 876 gloria

206 885 402 926 misericorS,
429 893 538 929 verax,
902 892 1031 924 semper
1055 885 1089 916 in
1116 886 1251 917 aeterna

207 933 279 972 pius
305 942 343 965 ac
367 933 600 974 sanctissimus,
901 933 1104 965 saeculorum
1130 933 1270 966 saecula.

186 999 276 1034 Trop.
292 1009 330 1028 ms
342 1021 346 1027 .
360 999 586 1027 Nonantulense
599 1008 677 1028 saec.
694 999 739 1028 11.
767 1000 840 1028 Cod.
853 1000 945 1027 Univ.
958 998 1125 1027 Bononien.
1140 996 1226 1026 2824.
1241 999 1276 1026 A.
1295 1012 1335 1017 ω-
1354 999 1444 1034 Trop.

113 1042 143 1066 et
167 1038 256 1066 Grad.
282 1047 335 1065 ms.
365 1037 393 1065 S.
419 1038 501 1065 Petri
530 1040 562 1066 in
584 1038 729 1067 Vaticano
756 1047 833 1066 saec.
854 1036 930 1065 1¹l12.
973 1036 1045 1064 Cod.
1066 1038 1214 1065 Vaticam.
1240 1035 1327 1065 5319.
1348 1037 1381 1064 13.
1408 1051 1447 1055 ——-

111 1076 200 1105 Grad.
222 1085 275 1103 ms.
290 1077 463 1104 Mutinense
483 1084 560 1104 saec.
577 1074 622 1103 12.
657 1077 730 1106 Cod.
746 1077 844 1113 Capit.
859 1076 1006 1103 Mutinen.
1023 1075 1047 1103 O
1061 1074 1075 1103 1
1090 1077 1117 1104 N
1135 1073 1178 1103 16.
1194 1075 1226 1103 G.
1247 1092 1285 1096 -τ
1306 1075 1395 1103 Grad.
1418 1078 1449 1103 et

110 1117 199 1150 Trop.
220 1123 274 1142 ms.
290 1116 321 1142 S.
337 1113 469 1150 Eugenii
484 1115 623 1143 Senensis
642 1114 682 1150 (ἵ)
695 1124 772 1143 saec.
789 1113 833 1142 12.
868 1113 940 1143 God.
956 1113 1063 1141 Senen.
1077 1115 1102 1142 F
1118 1114 1163 1141 VI
1178 1112 1223 1142 15.
1238 1115 1276 1142 D.
1296 1128 1335 1133 -—
1355 1114 1445 1150 Trop.

109 1163 163 1181 ms.
186 1154 350 1181 Casinense
376 1160 452 1180 saec.
482 1151 526 1180 12.
554 1154 595 1180 in.
617 1153 688 1182 Cod.
710 1155 848 1183 casinen.
880 1152 946 1181 546.
967 1152 1004 1179 E..
1029 1167 1068 1171 —
1093 1153 1179 1180 Miss.
1205 1162 1258 1180 ms.
1282 1152 1446 1180 Casinense

109 1200 185 1220 saec.
212 1190 256 1219 15.
272 1192 342 1220 Ood.
359 1190 497 1219 Casinen.
521 1188 585 1219 128.
606 1193 639 1220 F.
660 1207 696 1211 —-
720 1193 809 1222 Grad.
831 1201 886 1220 ms.
906 1193 1010 1219 incer-t.
1034 1193 1141 1228 origin.
1163 1192 1236 1218 anni
1258 1189 1343 1219 1071.
1357 1191 1445 1221 inach

110 1230 265 1266 Georgius,
296 1231 339 1258 De
361 1230 475 1265 Liturg.
496 1231 624 1258 Romani
645 1230 814 1265 Pontificis,
843 1228 1048 1265 1731—17443
1076 1233 1148 1258 tom.
1168 1230 1230 1265 111,
1257 1228 1327 1264 441)
1348 1229 1382 1257 G.
1407 1245 1447 1249 —

109 1267 160 1304 2b‚
186 1268 201 1296 1
223 1268 285 1297 Sua
305 1266 419 1297 BEFG.
440 1283 479 1287 --
499 1267 551 1301 21),
574 1267 593 1295 2
612 1273 647 1297 ut
665 1271 827 1298 nativitate
846 1270 981 1305 gloriosa
1002 1268 1091 1296 EFG.
1111 1283 1151 1288 -—
1171 1266 1222 1303 Sa,
1245 1267 1263 1295 2
1283 1269 1446 1296 clamemus

109 1307 185 1336 fehlt
202 1307 237 1335 B.
259 1323 298 1327 —
320 1305 373 1340 32,
388 1304 406 1334 3
428 1316 480 1334 rex
501 1307 577 1335 fehlt
595 1307 683 1337 EFG.
706 1323 743 1328 -«
767 1307 825 1335 Str.
849 1306 892 1336 3b
916 1315 981 1343 sqq.
1002 1307 1103 1335 fehleu
1121 1307 1183 1336 BG.
1202 1321 1241 1325 —
1260 1305 1313 1343 3b‚
1331 1305 1346 1334 1
1368 1306 1449 1335 Statt

107 1347 184 1374 Rex:
213 1345 335 1374 Creator
356 1347 488 1373 omnium
508 1354 607 1374 rerum
627 1349 658 1374 et
677 1356 730 1375 rex
749 1355 853 1383 regum
873 1346 934 1374 EF.
956 1359 994 1364 —
1015 1343 1072 1380 312,
1102 1344 1121 1373 2
1139 1346 1228 1373 Isaac
1247 1349 1278 1374 et
1296 1344 1385 1374 ACD.
1407 1361 1445 1365 —

107 1384 159 1419 42,
175 1383 190 1411 1
214 1393 244 1412 es
265 1386 361 1413 iustus
383 1386 414 1411 et
425 1384 487 1412 EF.
507 1397 545 1403 —-
568 1383 621 1418 422,
635 1383 653 1413 3
675 1388 705 1413 et
717 1384 779 1413 EF.
801 1401 841 1405 —
861 1385 919 1413 Str.
940 1382 986 1412 4b
1007 1384 1083 1412 fehlt
1097 1384 1181 1412 GEF.
1202 1399 1242 1403 —
1262 1386 1322 1413 Die
1342 1386 1447 1422 eigene

108 1423 241 1451 Melodie
260 1424 292 1450 in
312 1425 449 1452 Neumen
467 1421 476 1458 ζ
479 1423 503 1451 Β
523 1423 577 1450 hat
589 1423 804 1459 Notenschrist)
823 1425 904 1460 zeigt
922 1423 1033 1451 keinen
1045 1423 1290 1459 Parallelismus3
1311 1423 1447 1460 dagegen

109 1463 151 1489 ist
177 1461 225 1527 die
250 1462 415 1497 Abteilung
443 1461 494 1489 der
522 1461 672 1498 Strophen
702 1463 758 1491 mit
784 1462 943 1498 durchweg
967 1461 1101 1498 gleicher
1127 1458 1303 1490 Silbenzahl
1327 1462 1446 1490 iiberall

112 1501 191 1537 gleic
215 1520 222 1526 .

551 1554 579 1586 3.
609 1555 645 1587 In
665 1555 843 1588 Nativitate
864 1554 997 1589 Domini.

458 1617 489 1650 1.
515 1618 614 1658 Ecce,
637 1618 804 1662 adnuntio,

517 1666 733 1708 christicolae,
759 1676 909 1708 magnum
933 1667 1097 1708 gaudium,

120 1735 181 1766 2a.
208 1734 300 1774 Quod
328 1733 392 1766 erit
413 1734 587 1766 universae
815 1734 874 1767 2b.
899 1735 963 1768 Est
987 1735 1063 1775 quia
1088 1733 1180 1767 nobis
1205 1736 1301 1767 natus

204 1784 315 1814 terrae
340 1782 490 1822 omnique
513 1782 650 1823 populo:
900 1783 1016 1815 mundi
1040 1784 1186 1816 salvator
1209 1783 1320 1818 hodie.

119 1852 180 1884 32..
209 1849 308 1890 Virgo
334 1858 428 1891 quem
454 1849 583 1890 peperit
817 1850 879 1885 3b.
908 1850 992 1884 Olim
1017 1850 1189 1891 nuntiavi-fij

210 1898 375 1941 divinitus,
495 1930 501 1933 ,
902 1899 964 1931 hoc
987 1899 1107 1940 virgini

207 1955 272 1978 non
298 1946 437 1979 hominis
463 1954 503 1978 ex
528 1945 667 1986 semine3
900 1955 976 1979 nam
1002 1946 1138 1979 Gabriel
1163 1946 1388 1988 archangelus,

120 2015 181 2047 49..
207 2014 272 2047 Per
297 2013 457 2054 virginem
481 2016 577 2046 natus
604 2017 654 2045 cst
814 2014 875 2050 4b.
901 2015 950 2048 Ut
972 2014 1134 2046 hominem
1159 2014 1324 2054 perditum

204 2070 262 2094 rex
286 2063 435 2103 polorum
899 2065 1034 2095 vocaret
1057 2063 1100 2095 ad

205 2108 375 2151 factorque
400 2110 574 2150 hominum,
900 2120 1001 2150 reg-na
1026 2111 1190 2152 aetherea,

118 2180 178 2213 5a.
207 2177 307 2217 Quem
336 2177 510 2219 chelydrus
537 2176 667 2217 decepit
815 2177 874 2211 5b.
901 2178 1007 2211 Homo
1030 2181 1126 2211 uatus
1150 2180 1298 2219 parvulis

206 2235 268 2267 per
292 2227 416 2267 lignum
440 2226 588 2259 vetitum.
903 2226 1024 2266 tegitur
1045 2227 1212 2269 stragulis,

205 2294 280 2327 Non
307 2293 426 2334 amisit,
456 2294 542 2334 quod
569 2295 638 2325 erat
904 2295 1101 2335 Praesaepio
1126 2294 1214 2327 iacet

205 2343 294 2384 apud
319 2343 435 2384 Deum,
461 2342 606 2385 verbum,
905 2342 1074 2375 cunabulis
1099 2344 1256 2384 parvulus

208 2392 267 2424 sed
292 2391 432 2431 sumpsit
904 2395 938 2423 et
962 2391 1087 2424 caelum

206 2441 381 2482 homiuem,
408 2440 495 2481 quod
518 2447 583 2472 uon
609 2441 690 2472 erat.
906 2449 979 2473 cum
1002 2443 1099 2481 patre
1124 2441 1278 2474 continet.
