1656 2690
721 142 962 177 —32—

188 243 249 275 3a.
276 241 350 274 Lux
374 241 408 273 in
433 242 519 272 testa
544 239 705 277 conditur,
885 239 945 272 31³.
972 239 1061 272 Caeli
1086 240 1143 271 lux
1167 238 1324 278 illabitur,

276 289 363 321 Hinc
388 293 418 320 et
444 287 543 320 rubus
571 287 714 319 cernitur
971 288 1074 329 Virgo
1099 297 1160 319 nec
1185 286 1405 327 corrumpitur

273 337 407 369 Ardere
432 345 493 367 nec
517 335 640 375 uritur3
972 335 1042 367 Nec
1065 336 1100 368 in
1126 344 1183 367 suo
1209 334 1352 367 laeditur

323 385 409 417 Dum
436 384 563 416 Mariae
588 383 710 424 gremio
1018 384 1126 417 Mater
1149 383 1333 424 puerperio.

185 455 248 486 4a.
277 453 314 485 In
338 455 381 492 te,
408 452 506 492 plena
530 451 646 493 gratia,
882 452 943 485 4b.
970 451 1047 490 Quis
1072 450 1197 483 audivit
1222 448 1327 482 talia?

273 501 420 533 Vestitur
445 499 577 531 camisia
970 499 1008 531 In
1033 502 1066 530 te
1089 497 1172 531 fiunt
1197 499 1284 530 socia

276 549 386 582 Scissa
412 549 452 580 de
477 547 660 580 substantia
970 547 1062 579 Haec
1087 547 1163 578 olim
1188 546 1362 588 contraria,

323 597 413 629 Tuae
438 596 544 629 carnis
572 596 686 630 deitas,
1017 596 1135 627 Partus
1157 596 1191 626 et
1214 594 1396 634 integritas,

182 667 247 698 52..
275 664 367 697 Cella
391 663 581 704 pudicitiae,
882 662 940 696 5b.
969 661 1037 694 Nos
1062 662 1096 693 in
1121 669 1203 702 pace
1227 660 1355 701 patriae

272 713 311 746 In
337 715 369 744 tc
394 721 459 752 pax
483 711 628 743 iustitiae
966 710 1046 751 Fac,
1074 719 1092 742 o
1115 712 1219 742 mater
1244 709 1379 751 gratiae,

269 761 372 793 Dedit
398 759 561 792 amicitiae
967 758 1088 790 Tecum
1113 761 1240 798 patrem
1260 758 1384 798 gloriae

320 809 522 849 Exoptatum
546 807 700 841 osculum.
1015 806 1169 839 Laudare
1193 815 1253 846 per
1277 806 1417 839 saecula.

249 895 334 923 Miss.
361 903 414 922 ms.
444 894 624 930 Hispalense
651 902 727 921 saec.
755 891 829 921 1‘¹l15.
872 893 943 921 God.
963 893 1055 921 Univ.
1078 893 1201 920 Ianuen.
1221 892 1248 920 A
1270 892 1328 920 VH
1350 889 1377 920 3.
1400 891 1435 919 A.
1469 907 1509 910 —

171 934 255 962 Miss.
290 943 334 961 ms
372 933 554 969 Hispalense
595 940 654 959 aec.
686 930 731 959 15.
774 931 843 959 God.
873 931 1040 960 Columbin.
1070 931 1227 966 Hispalen.
1254 928 1370 966 83,15.
1398 930 1431 957 B.
1471 946 1510 950 —

171 973 256 1000 Miss.
279 981 331 999 ms.
348 972 529 1008 Hispalense
550 979 627 998 saec.
651 969 695 998 15.
731 970 801 998 Cod.
818 970 985 998 Columbin.
1000 970 1158 1006 Hispalen.
1173 967 1220 1003 83,
1238 968 1283 996 17.
1307 969 1338 997 C.
1359 983 1400 988 —
1421 969 1507 997 Miss.

173 1019 227 1038 ms.
249 1011 430 1047 Hispalense
453 1018 529 1037 saec.
554 1007 599 1036 15.
641 1009 712 1036 Cocl.
733 1008 901 1037 Columbin.
922 1008 1079 1044 Hispalen.
1101 1006 1146 1042 85,
1165 1005 1208 1035 18.
1230 1008 1267 1035 D.
1289 1022 1326 1026 —
1346 1006 1431 1035 Miss.
1454 1016 1508 1035 ms.

173 1049 356 1085 Hispalense
381 1057 458 1076 saec.
487 1046 531 1075 15.
584 1047 655 1075 Cod.
683 1046 850 1075 Columbin.
878 1047 1035 1083 Hispa1en.
1062 1047 1179 1080 'Vin-in„
1211 1044 1256 1073 12.
1286 1046 1322 1074 Ε.
1356 1061 1395 1065 -
1423 1046 1508 1073 Miss.

174 1087 356 1123 Hispalense
376 1087 447 1123 imp.
462 1086 585 1122 Hispali
601 1084 683 1113 1507.
698 1086 731 1113 F.
752 1100 790 1104 —
811 1083 864 1119 2b,
879 1083 897 1113 3
912 1093 1014 1113 aurem
1028 1086 1061 1113 F.
1082 1099 1121 1104 —
1141 1082 1192 1119 32,
1211 1083 1225 1111 1
1240 1086 1352 1113 intesta
1365 1084 1450 1113 BGF.
1473 1099 1511 1103 -

173 1123 227 1159 3b‚
242 1123 260 1154 3
281 1126 317 1153 In
348 1134 410 1153 'ono
432 1125 464 1153 F.
490 1141 498 1145 -
545 1124 602 1152 Str.
623 1122 644 1151 4
663 1132 727 1160 sqq.
747 1124 848 1151 fehlen
866 1124 899 1151 F.
923 1138 960 1142 —
981 1124 1191 1159 Verwendung
1210 1123 1282 1151 fand
1303 1123 1352 1151 die
1372 1123 1510 1159 Sequeuz

193 1165 229 1192 In
250 1165 417 1192 Nativitate
443 1172 465 1191 s.
487 1160 621 1191 Mariae“
633 1183 639 1195 ‚
668 1163 806 1199 obgleich
826 1162 878 1190 der
897 1162 1001 1190 Inhalt
1020 1163 1074 1190 auf
1091 1163 1188 1190 dieses
1206 1162 1378 1190 Geheimnis
1400 1162 1511 1189 keinen

175 1186 280 1239 13ezug
299 1204 414 1230 nimmt.

625 1295 672 1326 86.
706 1294 750 1325 De
769 1293 871 1325 Beata
891 1294 995 1326 Maria
1016 1294 1052 1326 V.

185 1367 201 1399 1
216 1376 244 1399 a.
273 1367 298 1399 O
325 1367 437 1407 regina
462 1366 655 1408 sanctitatis,
881 1365 940 1399 ib.
967 1365 1016 1397 Tu
1043 1374 1077 1397 es
1102 1365 1156 1397 via
1180 1365 1341 1405 veritatis,

273 1414 361 1446 Fons
387 1414 486 1446 totius
511 1414 677 1452 bonitatis,
967 1413 1017 1445 Tu
1043 1422 1076 1445 es
1100 1416 1204 1446 mater
1228 1413 1373 1454 pietatis,

319 1462 516 1502 Exemplum
541 1462 737 1502 munditiae,
1017 1462 1086 1494 Iter
1110 1461 1271 1501 praebens
1299 1462 1434 1502 gratiae.

185 1532 243 1563 2a.
272 1529 306 1562 Si
331 1539 395 1562 non
423 1529 524 1570 ducis,
552 1529 728 1571 deviamus,
879 1529 939 1563 2b.
966 1529 1041 1563 Tibi
1068 1538 1142 1570 ergo
1169 1529 1402 1572 supplicamus,

272 1578 402 1610 Deviati
427 1578 613 1610 oberramus
969 1578 1017 1610 Te
1044 1578 1182 1610 ducente
1207 1577 1371 1610 veniamus

321 1626 415 1659 Omni
440 1625 522 1658 hora
548 1626 623 1659 diei.
1014 1626 1070 1658 Ad
1094 1626 1200 1658 locum
1226 1625 1360 1666 requiei.

184 1696 243 1728 3a.
271 1694 310 1726 In
334 1694 397 1726 hoc
420 1693 540 1725 mundo
567 1693 615 1725 sic
641 1693 739 1726 dubio
880 1693 939 1727 3b.
968 1693 1085 1733 Quare,
1112 1693 1214 1733 virgo,
1240 1702 1302 1733 par
1326 1693 1408 1737 lilio,

271 1742 367 1774 Pleni
393 1751 501 1773 sumus
528 1740 673 1784 fastidio,
966 1743 1015 1774 Te
1039 1750 1211 1782 pree-amur
1237 1750 1309 1773 cum
1334 1740 1412 1786 filio,

320 1790 473 1823 Viventes
501 1799 572 1822 cum
597 1799 753 1823 maerore.
1017 1790 1100 1830 Riga
1124 1799 1183 1822 nos
1210 1790 1291 1822 caeli
1318 1799 1402 1823 rore.

184 1860 246 1893 4a.
273 1858 323 1890 Tu
349 1867 383 1889 es
408 1857 522 1898 regina
548 1858 718 1900 caelorum,
880 1857 942 1891 4b.
969 1857 1020 1889 Tu
1046 1866 1079 1889 es
1103 1858 1255 1898 gaudium
1281 1860 1489 1899 maestorum,

270 1907 319 1938 Tu
347 1906 478 1938 domina
502 1906 699 1946 angelorum,
968 1906 1140 1938 Advocata
1165 1908 1372 1945 peccatorum

321 1954 428 1994 Supra
452 1959 569 1986 cuncta
590 1954 799 1994 principaris.
1014 1953 1047 1985 A
1073 1953 1197 1985 cunctis
1223 1954 1411 1987 nominaris,

183 2023 242 2054 52..
271 2022 384 2054 Nostri
412 2030 487 2062 ergo
512 2021 667 2053 miserere
882 2021 941 2054 5b.
969 2019 1033 2051 Sed
1059 2018 1114 2051 fac
1137 2029 1196 2052 nos
1222 2020 1276 2052 hic
1301 2021 1350 2052 sic
1374 2021 1497 2063 vivere,

270 2069 341 2102 Nec
366 2070 446 2102 velis
472 2079 530 2101 nos
560 2069 721 2110 deserere,
966 2067 1013 2100 Ut
1039 2076 1110 2100 cum
1135 2069 1257 2101 sanctis
1282 2078 1455 2111 resurgere

318 2119 517 2158 Quaesumus
542 2117 728 2158 humilitei‘3
1017 2117 1180 2150 Possimus
1206 2116 1358 2151 feliciter.

250 2185 370 2212 Prosar.
385 2192 438 2211 ms.
453 2183 655 2211 Ambianense
668 2183 823 2216 (Gulielmi
835 2182 940 2219 Lovel)
956 2185 1028 2211 anni
1043 2182 1126 2212 1572.
1162 2184 1233 2213 Cod.
1250 2185 1428 2214 Ambianen.
1444 2183 1510 2214 132.

622 2276 669 2310 87.
705 2277 749 2308 De
769 2275 870 2308 Beata
891 2276 994 2308 Maria
1016 2277 1053 2308 V.

183 2350 242 2384 la.
271 2348 296 2381 O
323 2348 413 2390 virgo
440 2347 672 2389 pulcherrima,
880 2349 939 2383 lb.
967 2350 992 2382 O
1019 2349 1116 2381 stella
1143 2350 1334 2391 clarissima,

270 2398 295 2431 O
322 2400 426 2432 mater
448 2395 614 2437 melliflua,
967 2398 992 2431 O
1018 2407 1093 2430 rosa
1117 2398 1304 2438 purissima,

317 2447 343 2480 Ο
370 2446 432 2478 Dei
457 2444 544 2486 filia3
1014 2446 1040 2480 Ο
1065 2455 1186 2487 parens
1211 2447 1293 2481 lilia.
