1656 2690
819 129 866 164 69

217 254 224 259 .
253 226 315 267 Qui
339 228 475 267 propter
502 224 664 259 defectum
917 228 948 261 7.
974 227 1059 259 Prae
1084 226 1201 259 ceteris
1226 227 1332 259 autem

254 275 409 315 baptismi
975 277 1049 308 tuus
1077 275 1206 308 videtur

251 323 379 356 macula
403 322 524 356 irretiti
975 323 1205 364 splendescere

253 371 403 412 originali
974 371 1182 405 beatissimus

253 421 287 452 in
313 420 448 452 limbum
476 419 754 465 condescendunt,

254 468 309 509 qui
334 477 411 508 pars
438 470 488 501 est
510 467 643 504 inferni.

221 592 229 599 .
255 563 376 607 Maria,
402 565 512 606 itaque
536 565 665 597 miseris

254 621 409 646 succurre
433 613 589 656 puerulis,

255 661 310 702 qui
335 670 396 701 pro
422 662 514 702 gravi
539 661 634 694 Adae

254 709 453 749 protoplasti
478 709 598 742 nebula

255 756 381 789 visione
405 757 469 790 Dei

254 805 300 837 ibi
329 808 442 838 carent
465 807 636 847 perpetua.

222 929 228 936 .
256 902 282 935 Ο
308 902 431 935 iudicia
453 902 526 944 Dei,

257 951 394 991 abyssus
418 948 539 983 multa!

258 999 320 1039 Qui
343 999 422 1031 licet
446 1000 517 1032 sine
543 1000 639 1040 culpa

257 1050 404 1088 pereant,

259 1104 324 1128 non
346 1098 455 1127 tamen
480 1095 551 1127 sine
577 1104 682 1128 causa.

223 1217 230 1226 .
260 1193 362 1233 Quam
386 1192 487 1233 igitur
511 1192 710 1232 pernitiosus

254 1241 342 1282 pomi
367 1241 462 1272 vetiti

254 1290 346 1322 Evae
371 1287 434 1321 fuit
458 1297 595 1329 morsus,

257 1346 319 1379 quo
343 1346 431 1370 mors
455 1337 597 1378 posteris

260 1387 308 1419 sic
333 1385 599 1419 concludebatur.

221 1510 228 1517 .
257 1482 322 1517 Sed
348 1492 367 1515 o
393 1492 488 1524 quam
514 1481 594 1516 felix
621 1482 684 1516 fuit

255 1535 288 1565 et
311 1531 540 1573 laetabundus,

256 1590 274 1614 o
299 1580 416 1625 Maria,

258 1630 344 1662 inter
369 1631 402 1660 te
429 1631 462 1660 et
485 1628 636 1669 angelum

258 1677 415 1718 dialogus,

261 1735 323 1768 quo
344 1726 413 1758 vita
438 1725 510 1759 orbi
536 1725 597 1757 toti

258 1773 435 1808 oriebatur.

895 1182 951 1215 10.

893 1484 951 1520 11.

975 420 1098 461 absque
1124 420 1235 452 dolore
1260 421 1385 460 partus.

976 536 1040 568 Per
1065 543 1159 575 quem
1181 535 1273 568 Evae

975 582 1162 615 maledictio

977 634 1027 664 est
1051 631 1158 664 soluta

975 688 1036 711 nec
1060 679 1165 711 minus
1190 678 1375 711 benedictio

974 730 1024 760 est
1047 727 1238 759 mulieribus

979 775 1103 808 cunctis
1130 775 1323 808 condonata.

944 908 952 916 .
978 882 1034 915 Ad
1060 890 1154 922 quem
1180 889 1256 923 ergo
1284 878 1471 921 confugient

979 930 1145 963 desolatae
1169 931 1399 970 praegnantes,

977 979 1041 1011 nisi
1066 979 1110 1011 ad
1134 981 1174 1021 te,

979 1030 1168 1060 cunctarum
1195 1025 1402 1065 consolatrix,

981 1085 1053 1108 cum
1078 1075 1223 1107 lacrimis
1248 1072 1438 1115 gementes?

977 1181 1067 1216 Audi
1093 1190 1158 1222 eas,

979 1232 1073 1274 virgo
1098 1230 1315 1271 immaculata,

979 1288 1041 1312 nec
1065 1282 1236 1319 parentum
1262 1277 1402 1317 aspiciat

977 1327 1164 1369 unigenitus
1188 1330 1264 1359 tuus

978 1377 1022 1409 ad
1047 1377 1194 1417 peccata.

979 1483 1045 1517 Sed
1070 1482 1280 1523 parvulorum

977 1533 1120 1565 ululatus

982 1581 1158 1613 clementer
1184 1578 1314 1621 exaudi,

978 1638 1021 1662 ne
1044 1630 1079 1662 in
1105 1628 1242 1669 perenni

980 1677 1183 1710 subiciantur
1207 1673 1329 1709 inferni

982 1725 1195 1759 formidolosa

981 1785 1001 1808 a
1025 1775 1096 1808 Deo
1121 1783 1236 1815 poena.

584 1863 639 1898 12.
665 1863 732 1897 Eos
760 1864 899 1906 denique
923 1865 998 1904 post
1023 1863 1110 1896 sacri

662 1912 869 1953 baptismatis
893 1913 1016 1946 undam

666 1965 874 2002 regeneratos

667 2010 849 2051 perducere
875 2010 1019 2051 digneris

667 2059 710 2092 ad
735 2062 869 2093 aeterna
894 2059 1023 2100 gaudia.

259 2155 385 2184 Missale
404 2157 596 2185 Traiectense
618 2158 690 2194 imp.
707 2157 834 2185 Parisiis
857 2154 941 2185 1507.
963 2156 998 2184 A.
1019 2172 1057 2176 —
1077 2156 1203 2185 Missale
1223 2157 1261 2185 ad
1278 2157 1524 2185 consuet-udinem

181 2196 240 2224 FF.
261 2195 440 2224 Praedicatt.
463 2198 493 2225 et
515 2195 544 2224 S.
569 2196 672 2225 Crucis
692 2197 764 2233 imp.
785 2197 914 2225 Parisiis
938 2194 1011 2224 1517
1033 2197 1066 2224 B.
1090 2210 1125 2214 -
1146 2196 1273 2225 Missale
1291 2196 1431 2232 Aquense
1451 2196 1522 2231 imp.

178 2235 321 2272 Lugduni
354 2233 437 2263 1527.
467 2234 499 2263 Ο.
530 2251 569 2255 -
598 2235 724 2264 Missale
754 2236 902 2264 Remense
917 2236 988 2271 imp.
1019 2236 1122 2264 Remis
1156 2233 1239 2264 1553.
1271 2236 1308 2263 D.
1338 2250 1376 2254 —-
1406 2234 1428 2270 1,
1453 2234 1467 2263 1
1498 2233 1523 2261 O

178 2274 254 2302 fehlt
280 2273 316 2302 A.
347 2291 382 2294 —
409 2272 435 2309 2,
463 2273 481 2303 5
509 2274 694 2303 descendunt
718 2275 755 2302 D.
781 2290 820 2294 —
845 2273 873 2310 3,
893 2272 908 2302 1
938 2275 1032 2311 igitur
1057 2275 1091 2303 B.
1118 2289 1157 2293 --
1178 2272 1205 2310 3,
1227 2273 1247 2302 4
1268 2274 1524 2311 protoplastorum

178 2312 265 2342 ABG.
298 2328 338 2332 -—
372 2312 398 2349 9,
421 2312 436 2342 1
468 2313 516 2343 Ad
546 2323 637 2351 quam
665 2315 704 2350 B;
737 2314 887 2351 refugient
911 2313 946 2341 A.
971 2329 1011 2333 -
1036 2312 1062 2350 9,
1091 2311 1112 2341 4
1132 2316 1305 2343 cunctorum
1320 2314 1357 2341 D.
1378 2330 1418 2335 —
1439 2312 1484 2349 11,
1507 2310 1524 2338 7

179 2353 253 2382 adeo
295 2353 333 2381 D.
373 2368 412 2373 -—
446 2354 506 2382 Die
539 2353 691 2390 Sequenz,
734 2354 817 2381 einer
848 2352 1040 2381 Votivmesse
1074 2353 1253 2390 angehbrig,
1294 2354 1337 2381 ist
1370 2352 1526 2382 vielleicht

178 2393 305 2421 niemals
331 2402 486 2430 gesungen
517 2393 652 2430 worden;
671 2390 831 2430 jedenfalls
852 2391 969 2420 scheint
989 2394 1033 2420 sie
1049 2392 1134 2429 jedes
1155 2392 1382 2421 Parallelismus
1403 2403 1441 2421 zu
1463 2394 1526 2420 ent-

177 2434 271 2461 raten.
322 2432 493 2461 Sicherheit
512 2432 641 2460 dariiber
659 2434 702 2460 ist
722 2431 885 2469 allerdings
908 2433 1042 2469 mangels
1065 2431 1117 2459 der
1130 2431 1296 2469 Singweise
1319 2433 1403 2460 nicht
1422 2441 1460 2460 zu
1481 2440 1525 2459 er-

175 2472 283 2500 zielen.
