1656 2690
700 126 937 161 ,29-

161 222 220 256 3a.
248 222 285 254 In
313 222 477 256 oblatione
864 224 924 258 3b.
951 225 1043 258 Illius
1069 225 1233 266 sanguinis

248 271 342 303 Isaac
367 274 400 303 et
426 271 538 304 arietis
948 273 1094 314 aspersio
1118 273 1250 306 Israelis

245 319 280 351 in
306 319 527 353 immolatione
948 323 1103 363 populum
1127 329 1318 363 percussore

247 366 389 409 figurata
415 371 464 401 est
487 367 609 401 effusio.
946 374 1071 403 tantum
1097 370 1252 403 liberavit
1277 369 1408 411 ange103

245 417 358 456 Agnus
384 417 465 458 legis
491 417 653 450 mosaicae
948 418 1051 452 Huius
1077 427 1153 452 vero
1179 418 1302 453 Christi
1326 419 1456 459 sanguis

246 465 321 506 agni
348 465 470 498 Christi
494 475 598 499 novae
622 465 703 507 legis
945 471 1088 500 assertor
1114 470 1163 500 est
1187 467 1350 500 libertatis

245 517 343 554 typus
369 517 401 546 et
426 513 542 547 umbra
566 513 639 548 fuit.
946 516 1084 548 omnium
1112 515 1322 549 credentium.

156 584 218 615 4a.
247 581 384 622 Sanguis
415 583 497 625 legis
524 585 557 614 et
579 583 742 615 hircorum
859 583 919 616 4b.
947 582 1083 624 Sanguis
1111 582 1232 615 Christi
1256 582 1373 614 effusus
1401 585 1451 617 est

247 630 445 663 fundebatur
470 631 513 664 ad
538 631 638 664 solam
943 631 986 663 ad
1011 633 1155 664 nostram
1182 631 1420 664 emundandam

248 679 355 712 carnis
383 679 659 720 emundationem3
944 676 1113 723 [peccatis]
1141 679 1379 713 conscientiam.

158 749 217 780 5a.
245 749 327 791 Ave,
355 748 486 788 sanguis
510 747 666 787 pretiose,
856 746 914 780 51).
940 746 1006 779 Hic
1029 748 1080 779 est
1102 747 1160 779 ille
1184 747 1325 787 sanguis,
1351 748 1442 780 cuius

246 805 306 836 per
331 804 425 836 quem
452 797 539 829 Deus
564 798 754 836 peccatores
940 795 973 827 in
1000 795 1152 828 effusione
1177 795 1266 828 Deus

243 847 377 877 revocat
400 845 435 877 in
460 844 608 885 gratiam.
941 843 1003 876 sibi
1028 845 1092 877 iam
1119 844 1322 884 complacuit.

242 893 338 926 Beati
362 895 438 925 sunt
463 901 539 934 ergo
565 893 624 934 illi,
941 892 1089 925 Christus
1115 893 1206 925 Iesus
1233 894 1280 925 est
1306 892 1466 935 pontifex,

244 941 302 982 pui
325 941 478 975 laverunt
502 942 602 974 stolas
628 950 703 974 suas
940 941 1030 973 cuius
1056 942 1186 982 sanguis
1212 940 1331 974 effusus
1357 944 1408 974 est

244 993 277 1022 et
303 989 539 1023 dealbaverunt
564 999 617 1023 eas
937 990 971 1022 in
998 990 1254 1030 redemptionem
1278 993 1382 1022 morte

241 1040 275 1071 in
301 1040 457 1080 sanguine
481 1039 566 1079 agni.
938 1039 986 1070 sic
1011 1039 1244 1074 intercedente.

153 1108 213 1141 6a.
241 1107 314 1140 Non
338 1107 493 1139 habemus
518 1105 715 1148 pontificem,
851 1106 911 1141 6b.
938 1107 1054 1147 Itaque
1080 1115 1151 1139 cum
1176 1106 1296 1141 fiducia

241 1156 296 1197 qui
321 1156 442 1188 nostris
467 1163 532 1188 non
558 1155 699 1196 compati
940 1155 983 1188 ad
1010 1156 1077 1188 eius
1102 1157 1229 1196 gratiae
1254 1156 1404 1188 thronum

239 1204 344 1245 possit
370 1203 626 1237 infirmitatibus.
940 1204 1091 1237 celeriter
1116 1206 1318 1247 accedamUS‚

507 1272 539 1304 7.
566 1272 614 1305 Ut
632 1270 888 1303 misericordiam
915 1280 1005 1303 suam

563 1329 796 1361 consequamur
822 1322 854 1352 et
878 1319 914 1351 in
939 1321 1094 1362 sanguiiie
1121 1321 1189 1353 eius

562 1369 764 1402 inveniamus
791 1368 940 1410 gratiam.

215 1457 300 1485 Miss.
322 1465 376 1484 ms.
390 1456 593 1484 Fiscannense
613 1464 690 1484 saec.
714 1453 757 1483 15.
794 1454 864 1483 Ood.
880 1455 1075 1492 Rotomagen.
1098 1453 1164 1484 293.
1185 1454 1253 1484 add.
1280 1465 1353 1485 sat„-
1372 1455 1415 1485 15.
1438 1471 1476 1476 -—

138 1493 189 1530 2a,
207 1494 221 1523 1
243 1497 303 1523 iam
324 1495 407 1523 fehlt.
427 1510 467 1514 —
487 1491 537 1529 3a,
559 1493 573 1522 1
595 1504 639 1533 sq.
661 1496 697 1523 In
710 1495 798 1522 Isaac
818 1495 970 1523 oblatione
992 1498 1022 1523 et
1041 1497 1072 1523 in
1094 1496 1204 1523 arietis.
1227 1510 1265 1515 —-
1285 1493 1337 1530 3a,
1351 1495 1371 1524 4
1390 1504 1476 1534 prae-

137 1533 265 1571 figurata
297 1537 341 1562 est
371 1534 455 1562 haec.
485 1549 524 1553 —
554 1532 610 1570 4a,
638 1533 653 1563 1
684 1533 835 1562 hircorum
865 1533 1028 1562 vitulorum
1060 1536 1090 1561 et
1118 1537 1279 1563 taurorum.
1312 1551 1348 1554 —
1377 1533 1436 1570 Sb,
1457 1532 1476 1562 2

136 1575 268 1610 sanguis.
295 1588 333 1592 --
361 1571 416 1608 51),
441 1572 455 1601 1
478 1581 520 1609 sq.
542 1574 574 1601 in
596 1575 680 1602 cuius
702 1572 853 1601 effusione.
880 1587 918 1591 --
949 1570 1001 1607 512,
1022 1571 1040 1602 3
1060 1574 1122 1601 iam
1141 1574 1224 1602 fehlt.
1260 1589 1289 1592 -
1319 1573 1371 1608 512,
1392 1574 1409 1602 7
1433 1575 1477 1603 sic

136 1612 218 1640 fehlt.
245 1628 282 1632 —-
309 1610 361 1646 Ga,
383 1610 401 1639 2
427 1613 532 1641 nostri.
559 1628 598 1632 —-
622 1612 648 1647 7,
673 1610 687 1640 1
709 1614 801 1640 tuam.
829 1628 867 1632 —
892 1611 1030 1649 Mangels
1057 1611 1109 1640 der
1128 1613 1258 1642 Melodic
1279 1615 1320 1640 ist
1340 1622 1368 1641 er
1392 1613 1477 1642 nicht

134 1652 272 1689 miiglich,
296 1652 363 1679 eine
383 1652 498 1680 sicher-e
518 1651 682 1689 Abteilung
704 1651 756 1679 der
777 1651 1020 1687 symmetrischen
1035 1650 1156 1681 Glieder
1176 1662 1213 1680 zu
1234 1653 1447 1682 konstatieren.

575 1756 624 1787 22.
656 1756 700 1788 De
720 1755 867 1787 Lacrima
888 1755 1020 1788 Domini.

144 1829 203 1863 la.
233 1829 258 1862 O
285 1828 420 1861 lacrima
445 1828 587 1870 gloriosa
841 1827 901 1862 lb.
930 1827 1065 1861 Gemma
1091 1829 1174 1861 caeli
1199 1829 1343 1870 pretiosa

285 1876 406 1910 Christi
432 1877 704 1918 praeclarissima,
976 1877 1192 1919 Lymphaque
1216 1879 1400 1920 purissima,

142 1948 202 1982 2a.
229 1947 260 1979 A
287 1945 416 1979 Christo
443 1954 526 1988 quae
550 1950 637 1988 nata,
841 1945 903 1980 2b.
930 1946 1149 1988 Magdalenae
1172 1947 1259 1990 data,

277 1994 404 2036 Angelo
432 1995 579 2038 collecta,
975 1996 1156 2029 Maximino
1180 1999 1285 2036 vecta,

141 2065 200 2098 3a.
227 2064 421 2106 Imperatori
449 2064 646 2098 Graecorum
839 2063 898 2099 ab.
927 2063 1088 2098 Graufrido
1114 2064 1370 2098 Vindocinorum

276 2113 361 2147 Inde
385 2115 603 2157 praesentata,
975 2113 1031 2147 Ad
1055 2114 1163 2146 locum
1189 2114 1359 2156 translata,

137 2182 198 2215 4a.
225 2182 358 2215 Interna
384 2184 417 2214 et
441 2183 576 2214 externa
838 2181 899 2217 4b.
928 2182 1043 2216 Gratia
1068 2183 1268 2223 sempiterna

275 2230 441 2267 Conserva
465 2231 596 2275 lumina,
974 2231 1083 2265 Corda
1109 2232 1265 2273 illumina,

140 2301 200 2332 5a.
227 2300 254 2333 O
279 2299 431 2342 benigna,
838 2299 899 2334 51).
927 2301 954 2334 Ο
978 2300 1130 2343 benigna,

573 2369 604 2402 6.
633 2369 658 2402 O
686 2367 836 2413 benigna,

631 2426 714 2459 quae
739 2426 869 2459 semper
893 2418 1051 2451 inviolata

629 2467 849 2510 permansisti.
